% Autogenerated, do not edit
@proceedings{asplos00,
 booktitle = {ASPLOS-IX},
 year = {2000},
}

@proceedings{asplos02,
 booktitle = {ASPLOS-X},
 year = {2002},
}

@proceedings{asplos04,
 booktitle = {ASPLOS-XI},
 year = {2004},
}

@proceedings{asplos06,
 booktitle = {ASPLOS-XII},
 year = {2006},
}

@proceedings{asplos08,
 booktitle = {ASPLOS-XIII},
 year = {2008},
}

@proceedings{asplos09,
 booktitle = {ASPLOS-XIV},
 year = {2009},
}

@proceedings{asplos10,
 booktitle = {ASPLOS-XV},
 year = {2010},
}

@proceedings{asplos11,
 booktitle = {ASPLOS-XVI},
 year = {2011},
}

@proceedings{asplos12,
 booktitle = {ASPLOS-XVII},
 year = {2012},
}

@proceedings{asplos13,
 booktitle = {ASPLOS-XVIII},
 year = {2013},
}

@proceedings{asplos14,
 booktitle = {ASPLOS-XIX},
 year = {2014},
}

@proceedings{asplos15,
 booktitle = {ASPLOS-XX},
 year = {2015},
}

@proceedings{asplos16,
 booktitle = {ASPLOS-XXI},
 year = {2016},
}

@proceedings{asplos17,
 booktitle = {ASPLOS-XXII},
 year = {2017},
}

@proceedings{asplos18,
 booktitle = {ASPLOS-XXIII},
 year = {2018},
}

@proceedings{asplos19,
 booktitle = {ASPLOS-XXIV},
 year = {2019},
}

@proceedings{asplos20,
 booktitle = {ASPLOS-XXV},
 year = {2020},
}

@proceedings{asplos21,
 booktitle = {ASPLOS-XXVI},
 year = {2021},
}

@proceedings{asplos22,
 booktitle = {ASPLOS-XXVII},
 year = {2022},
}

@proceedings{asplos82,
 booktitle = {ASPLOS-I},
 year = {1982},
}

@proceedings{asplos87,
 booktitle = {ASPLOS-II},
 year = {1987},
}

@proceedings{asplos89,
 booktitle = {ASPLOS-III},
 year = {1989},
}

@proceedings{asplos91,
 booktitle = {ASPLOS-IV},
 year = {1991},
}

@proceedings{asplos92,
 booktitle = {ASPLOS-V},
 year = {1992},
}

@proceedings{asplos94,
 booktitle = {ASPLOS-VI},
 year = {1994},
}

@proceedings{asplos96,
 booktitle = {ASPLOS-VII},
 year = {1996},
}

@proceedings{asplos98,
 booktitle = {ASPLOS-VIII},
 year = {1998},
}

@proceedings{cgo03,
 booktitle = {CGO},
 year = {2003},
}

@proceedings{cgo04,
 booktitle = {CGO},
 year = {2004},
}

@proceedings{cgo05,
 booktitle = {CGO},
 year = {2005},
}

@proceedings{cgo06,
 booktitle = {CGO},
 year = {2006},
}

@proceedings{cgo07,
 booktitle = {CGO},
 year = {2007},
}

@proceedings{cgo08,
 booktitle = {CGO},
 year = {2008},
}

@proceedings{cgo09,
 booktitle = {CGO},
 year = {2009},
}

@proceedings{cgo10,
 booktitle = {CGO},
 year = {2010},
}

@proceedings{cgo11,
 booktitle = {CGO},
 year = {2011},
}

@proceedings{cgo12,
 booktitle = {CGO},
 year = {2012},
}

@proceedings{cgo13,
 booktitle = {CGO},
 year = {2013},
}

@proceedings{cgo14,
 booktitle = {CGO},
 year = {2014},
}

@proceedings{cgo15,
 booktitle = {CGO},
 year = {2015},
}

@proceedings{cgo16,
 booktitle = {CGO},
 year = {2016},
}

@proceedings{cgo17,
 booktitle = {CGO},
 year = {2017},
}

@proceedings{cgo18,
 booktitle = {CGO},
 year = {2018},
}

@proceedings{cgo19,
 booktitle = {CGO},
 year = {2019},
}

@proceedings{cgo20,
 booktitle = {CGO},
 year = {2020},
}

@proceedings{cgo21,
 booktitle = {CGO},
 year = {2021},
}

@proceedings{cgo22,
 booktitle = {CGO},
 year = {2022},
}

@proceedings{dac00,
 booktitle = {DAC-37},
 year = {2000},
}

@proceedings{dac01,
 booktitle = {DAC-38},
 year = {2001},
}

@proceedings{dac02,
 booktitle = {DAC-39},
 year = {2002},
}

@proceedings{dac03,
 booktitle = {DAC-40},
 year = {2003},
}

@proceedings{dac04,
 booktitle = {DAC-41},
 year = {2004},
}

@proceedings{dac05,
 booktitle = {DAC-42},
 year = {2005},
}

@proceedings{dac06,
 booktitle = {DAC-43},
 year = {2006},
}

@proceedings{dac07,
 booktitle = {DAC-44},
 year = {2007},
}

@proceedings{dac08,
 booktitle = {DAC-45},
 year = {2008},
}

@proceedings{dac09,
 booktitle = {DAC-46},
 year = {2009},
}

@proceedings{dac10,
 booktitle = {DAC-47},
 year = {2010},
}

@proceedings{dac11,
 booktitle = {DAC-48},
 year = {2011},
}

@proceedings{dac12,
 booktitle = {DAC-49},
 year = {2012},
}

@proceedings{dac13,
 booktitle = {DAC-50},
 year = {2013},
}

@proceedings{dac14,
 booktitle = {DAC-51},
 year = {2014},
}

@proceedings{dac15,
 booktitle = {DAC-52},
 year = {2015},
}

@proceedings{dac16,
 booktitle = {DAC-53},
 year = {2016},
}

@proceedings{dac17,
 booktitle = {DAC-54},
 year = {2017},
}

@proceedings{dac18,
 booktitle = {DAC-55},
 year = {2018},
}

@proceedings{dac19,
 booktitle = {DAC-56},
 year = {2019},
}

@proceedings{dac20,
 booktitle = {DAC-57},
 year = {2020},
}

@proceedings{dac21,
 booktitle = {DAC-58},
 year = {2021},
}

@proceedings{dac22,
 booktitle = {DAC-59},
 year = {2022},
}

@proceedings{dac64,
 booktitle = {DAC-1},
 year = {1964},
}

@proceedings{dac65,
 booktitle = {DAC-2},
 year = {1965},
}

@proceedings{dac66,
 booktitle = {DAC-3},
 year = {1966},
}

@proceedings{dac67,
 booktitle = {DAC-4},
 year = {1967},
}

@proceedings{dac68,
 booktitle = {DAC-5},
 year = {1968},
}

@proceedings{dac69,
 booktitle = {DAC-6},
 year = {1969},
}

@proceedings{dac70,
 booktitle = {DAC-7},
 year = {1970},
}

@proceedings{dac71,
 booktitle = {DAC-8},
 year = {1971},
}

@proceedings{dac72,
 booktitle = {DAC-9},
 year = {1972},
}

@proceedings{dac73,
 booktitle = {DAC-10},
 year = {1973},
}

@proceedings{dac74,
 booktitle = {DAC-11},
 year = {1974},
}

@proceedings{dac75,
 booktitle = {DAC-12},
 year = {1975},
}

@proceedings{dac76,
 booktitle = {DAC-13},
 year = {1976},
}

@proceedings{dac77,
 booktitle = {DAC-14},
 year = {1977},
}

@proceedings{dac78,
 booktitle = {DAC-15},
 year = {1978},
}

@proceedings{dac79,
 booktitle = {DAC-16},
 year = {1979},
}

@proceedings{dac80,
 booktitle = {DAC-17},
 year = {1980},
}

@proceedings{dac81,
 booktitle = {DAC-18},
 year = {1981},
}

@proceedings{dac82,
 booktitle = {DAC-19},
 year = {1982},
}

@proceedings{dac83,
 booktitle = {DAC-20},
 year = {1983},
}

@proceedings{dac84,
 booktitle = {DAC-21},
 year = {1984},
}

@proceedings{dac85,
 booktitle = {DAC-22},
 year = {1985},
}

@proceedings{dac86,
 booktitle = {DAC-23},
 year = {1986},
}

@proceedings{dac87,
 booktitle = {DAC-24},
 year = {1987},
}

@proceedings{dac88,
 booktitle = {DAC-25},
 year = {1988},
}

@proceedings{dac89,
 booktitle = {DAC-26},
 year = {1989},
}

@proceedings{dac90,
 booktitle = {DAC-27},
 year = {1990},
}

@proceedings{dac91,
 booktitle = {DAC-28},
 year = {1991},
}

@proceedings{dac92,
 booktitle = {DAC-29},
 year = {1992},
}

@proceedings{dac93,
 booktitle = {DAC-30},
 year = {1993},
}

@proceedings{dac94,
 booktitle = {DAC-31},
 year = {1994},
}

@proceedings{dac95,
 booktitle = {DAC-32},
 year = {1995},
}

@proceedings{dac96,
 booktitle = {DAC-33},
 year = {1996},
}

@proceedings{dac97,
 booktitle = {DAC-34},
 year = {1997},
}

@proceedings{dac98,
 booktitle = {DAC-35},
 year = {1998},
}

@proceedings{dac99,
 booktitle = {DAC-36},
 year = {1999},
}

@proceedings{date00,
 booktitle = {DATE},
 year = {2000},
}

@proceedings{date01,
 booktitle = {DATE},
 year = {2001},
}

@proceedings{date02,
 booktitle = {DATE},
 year = {2002},
}

@proceedings{date03,
 booktitle = {DATE},
 year = {2003},
}

@proceedings{date04,
 booktitle = {DATE},
 year = {2004},
}

@proceedings{date05,
 booktitle = {DATE},
 year = {2005},
}

@proceedings{date06,
 booktitle = {DATE},
 year = {2006},
}

@proceedings{date07,
 booktitle = {DATE},
 year = {2007},
}

@proceedings{date08,
 booktitle = {DATE},
 year = {2008},
}

@proceedings{date09,
 booktitle = {DATE},
 year = {2009},
}

@proceedings{date10,
 booktitle = {DATE},
 year = {2010},
}

@proceedings{date11,
 booktitle = {DATE},
 year = {2011},
}

@proceedings{date12,
 booktitle = {DATE},
 year = {2012},
}

@proceedings{date13,
 booktitle = {DATE},
 year = {2013},
}

@proceedings{date14,
 booktitle = {DATE},
 year = {2014},
}

@proceedings{date15,
 booktitle = {DATE},
 year = {2015},
}

@proceedings{date16,
 booktitle = {DATE},
 year = {2016},
}

@proceedings{date17,
 booktitle = {DATE},
 year = {2017},
}

@proceedings{date18,
 booktitle = {DATE},
 year = {2018},
}

@proceedings{date19,
 booktitle = {DATE},
 year = {2019},
}

@proceedings{date20,
 booktitle = {DATE},
 year = {2020},
}

@proceedings{date21,
 booktitle = {DATE},
 year = {2021},
}

@proceedings{date22,
 booktitle = {DATE},
 year = {2022},
}

@proceedings{date98,
 booktitle = {DATE},
 year = {1998},
}

@proceedings{date99,
 booktitle = {DATE},
 year = {1999},
}

@proceedings{eurosys06,
 booktitle = {EuroSys},
 year = {2006},
}

@proceedings{eurosys07,
 booktitle = {EuroSys},
 year = {2007},
}

@proceedings{eurosys08,
 booktitle = {EuroSys},
 year = {2008},
}

@proceedings{eurosys09,
 booktitle = {EuroSys},
 year = {2009},
}

@proceedings{eurosys10,
 booktitle = {EuroSys},
 year = {2010},
}

@proceedings{eurosys11,
 booktitle = {EuroSys},
 year = {2011},
}

@proceedings{eurosys12,
 booktitle = {EuroSys},
 year = {2012},
}

@proceedings{eurosys13,
 booktitle = {EuroSys},
 year = {2013},
}

@proceedings{eurosys14,
 booktitle = {EuroSys},
 year = {2014},
}

@proceedings{eurosys15,
 booktitle = {EuroSys},
 year = {2015},
}

@proceedings{eurosys16,
 booktitle = {EuroSys},
 year = {2016},
}

@proceedings{eurosys17,
 booktitle = {EuroSys},
 year = {2017},
}

@proceedings{eurosys18,
 booktitle = {EuroSys},
 year = {2018},
}

@proceedings{eurosys19,
 booktitle = {EuroSys},
 year = {2019},
}

@proceedings{eurosys20,
 booktitle = {EuroSys},
 year = {2020},
}

@proceedings{eurosys21,
 booktitle = {EuroSys},
 year = {2021},
}

@proceedings{eurosys22,
 booktitle = {EuroSys},
 year = {2022},
}

@proceedings{fast02,
 booktitle = {FAST},
 year = {2002},
}

@proceedings{fast03,
 booktitle = {FAST},
 year = {2003},
}

@proceedings{fast04,
 booktitle = {FAST},
 year = {2004},
}

@proceedings{fast05,
 booktitle = {FAST},
 year = {2005},
}

@proceedings{fast07,
 booktitle = {FAST},
 year = {2007},
}

@proceedings{fast08,
 booktitle = {FAST},
 year = {2008},
}

@proceedings{fast09,
 booktitle = {FAST},
 year = {2009},
}

@proceedings{fast10,
 booktitle = {FAST},
 year = {2010},
}

@proceedings{fast11,
 booktitle = {FAST},
 year = {2011},
}

@proceedings{fast12,
 booktitle = {FAST},
 year = {2012},
}

@proceedings{fast13,
 booktitle = {FAST},
 year = {2013},
}

@proceedings{fast14,
 booktitle = {FAST},
 year = {2014},
}

@proceedings{fast15,
 booktitle = {FAST},
 year = {2015},
}

@proceedings{fast16,
 booktitle = {FAST},
 year = {2016},
}

@proceedings{fast17,
 booktitle = {FAST},
 year = {2017},
}

@proceedings{fast18,
 booktitle = {FAST},
 year = {2018},
}

@proceedings{fast19,
 booktitle = {FAST},
 year = {2019},
}

@proceedings{fast20,
 booktitle = {FAST},
 year = {2020},
}

@proceedings{fast21,
 booktitle = {FAST},
 year = {2021},
}

@proceedings{fast22,
 booktitle = {FAST},
 year = {2022},
}

@proceedings{fccm00,
 booktitle = {FCCM-8},
 year = {2000},
}

@proceedings{fccm01,
 booktitle = {FCCM-9},
 year = {2001},
}

@proceedings{fccm02,
 booktitle = {FCCM-10},
 year = {2002},
}

@proceedings{fccm03,
 booktitle = {FCCM-11},
 year = {2003},
}

@proceedings{fccm04,
 booktitle = {FCCM-12},
 year = {2004},
}

@proceedings{fccm05,
 booktitle = {FCCM-13},
 year = {2005},
}

@proceedings{fccm06,
 booktitle = {FCCM-14},
 year = {2006},
}

@proceedings{fccm07,
 booktitle = {FCCM-15},
 year = {2007},
}

@proceedings{fccm08,
 booktitle = {FCCM-16},
 year = {2008},
}

@proceedings{fccm09,
 booktitle = {FCCM-17},
 year = {2009},
}

@proceedings{fccm10,
 booktitle = {FCCM-18},
 year = {2010},
}

@proceedings{fccm11,
 booktitle = {FCCM-19},
 year = {2011},
}

@proceedings{fccm12,
 booktitle = {FCCM-20},
 year = {2012},
}

@proceedings{fccm13,
 booktitle = {FCCM-21},
 year = {2013},
}

@proceedings{fccm14,
 booktitle = {FCCM-22},
 year = {2014},
}

@proceedings{fccm15,
 booktitle = {FCCM-23},
 year = {2015},
}

@proceedings{fccm16,
 booktitle = {FCCM-24},
 year = {2016},
}

@proceedings{fccm17,
 booktitle = {FCCM-25},
 year = {2017},
}

@proceedings{fccm18,
 booktitle = {FCCM-26},
 year = {2018},
}

@proceedings{fccm19,
 booktitle = {FCCM-27},
 year = {2019},
}

@proceedings{fccm20,
 booktitle = {FCCM-28},
 year = {2020},
}

@proceedings{fccm21,
 booktitle = {FCCM-29},
 year = {2021},
}

@proceedings{fccm22,
 booktitle = {FCCM-30},
 year = {2022},
}

@proceedings{fccm95,
 booktitle = {FCCM-3},
 year = {1995},
}

@proceedings{fccm96,
 booktitle = {FCCM-4},
 year = {1996},
}

@proceedings{fccm97,
 booktitle = {FCCM-5},
 year = {1997},
}

@proceedings{fccm98,
 booktitle = {FCCM-6},
 year = {1998},
}

@proceedings{fccm99,
 booktitle = {FCCM-7},
 year = {1999},
}

@proceedings{fpga00,
 booktitle = {FPGA-8},
 year = {2000},
}

@proceedings{fpga01,
 booktitle = {FPGA-9},
 year = {2001},
}

@proceedings{fpga02,
 booktitle = {FPGA-10},
 year = {2002},
}

@proceedings{fpga03,
 booktitle = {FPGA-11},
 year = {2003},
}

@proceedings{fpga04,
 booktitle = {FPGA-12},
 year = {2004},
}

@proceedings{fpga05,
 booktitle = {FPGA-13},
 year = {2005},
}

@proceedings{fpga06,
 booktitle = {FPGA-14},
 year = {2006},
}

@proceedings{fpga07,
 booktitle = {FPGA-15},
 year = {2007},
}

@proceedings{fpga08,
 booktitle = {FPGA-16},
 year = {2008},
}

@proceedings{fpga09,
 booktitle = {FPGA-17},
 year = {2009},
}

@proceedings{fpga10,
 booktitle = {FPGA-18},
 year = {2010},
}

@proceedings{fpga11,
 booktitle = {FPGA-19},
 year = {2011},
}

@proceedings{fpga12,
 booktitle = {FPGA-20},
 year = {2012},
}

@proceedings{fpga13,
 booktitle = {FPGA-21},
 year = {2013},
}

@proceedings{fpga14,
 booktitle = {FPGA-22},
 year = {2014},
}

@proceedings{fpga15,
 booktitle = {FPGA-23},
 year = {2015},
}

@proceedings{fpga16,
 booktitle = {FPGA-24},
 year = {2016},
}

@proceedings{fpga17,
 booktitle = {FPGA-25},
 year = {2017},
}

@proceedings{fpga18,
 booktitle = {FPGA-26},
 year = {2018},
}

@proceedings{fpga19,
 booktitle = {FPGA-27},
 year = {2019},
}

@proceedings{fpga20,
 booktitle = {FPGA-28},
 year = {2020},
}

@proceedings{fpga21,
 booktitle = {FPGA-29},
 year = {2021},
}

@proceedings{fpga22,
 booktitle = {FPGA-30},
 year = {2022},
}

@proceedings{fpga95,
 booktitle = {FPGA-3},
 year = {1995},
}

@proceedings{fpga96,
 booktitle = {FPGA-4},
 year = {1996},
}

@proceedings{fpga97,
 booktitle = {FPGA-5},
 year = {1997},
}

@proceedings{fpga98,
 booktitle = {FPGA-6},
 year = {1998},
}

@proceedings{fpga99,
 booktitle = {FPGA-7},
 year = {1999},
}

@proceedings{hipeac05,
 booktitle = {HiPEAC},
 year = {2005},
}

@proceedings{hipeac07,
 booktitle = {HiPEAC},
 year = {2007},
}

@proceedings{hipeac08,
 booktitle = {HiPEAC},
 year = {2008},
}

@proceedings{hipeac09,
 booktitle = {HiPEAC},
 year = {2009},
}

@proceedings{hipeac10,
 booktitle = {HiPEAC},
 year = {2010},
}

@proceedings{hipeac11,
 booktitle = {HiPEAC},
 year = {2011},
}

@proceedings{hipeac12,
 booktitle = {HiPEAC},
 year = {2012},
}

@proceedings{hipeac13,
 booktitle = {HiPEAC},
 year = {2013},
}

@proceedings{hipeac14,
 booktitle = {HiPEAC},
 year = {2014},
}

@proceedings{hipeac15,
 booktitle = {HiPEAC},
 year = {2015},
}

@proceedings{hipeac16,
 booktitle = {HiPEAC},
 year = {2016},
}

@proceedings{hipeac17,
 booktitle = {HiPEAC},
 year = {2017},
}

@proceedings{hipeac18,
 booktitle = {HiPEAC},
 year = {2018},
}

@proceedings{hipeac19,
 booktitle = {HiPEAC},
 year = {2019},
}

@proceedings{hipeac20,
 booktitle = {HiPEAC},
 year = {2020},
}

@proceedings{hipeac21,
 booktitle = {HiPEAC},
 year = {2021},
}

@proceedings{hipeac22,
 booktitle = {HiPEAC},
 year = {2022},
}

@proceedings{hpca00,
 booktitle = {HPCA-6},
 year = {2000},
}

@proceedings{hpca01,
 booktitle = {HPCA-7},
 year = {2001},
}

@proceedings{hpca02,
 booktitle = {HPCA-8},
 year = {2002},
}

@proceedings{hpca03,
 booktitle = {HPCA-9},
 year = {2003},
}

@proceedings{hpca04,
 booktitle = {HPCA-10},
 year = {2004},
}

@proceedings{hpca05,
 booktitle = {HPCA-11},
 year = {2005},
}

@proceedings{hpca06,
 booktitle = {HPCA-12},
 year = {2006},
}

@proceedings{hpca07,
 booktitle = {HPCA-13},
 year = {2007},
}

@proceedings{hpca08,
 booktitle = {HPCA-14},
 year = {2008},
}

@proceedings{hpca09,
 booktitle = {HPCA-15},
 year = {2009},
}

@proceedings{hpca10,
 booktitle = {HPCA-16},
 year = {2010},
}

@proceedings{hpca11,
 booktitle = {HPCA-17},
 year = {2011},
}

@proceedings{hpca12,
 booktitle = {HPCA-18},
 year = {2012},
}

@proceedings{hpca13,
 booktitle = {HPCA-19},
 year = {2013},
}

@proceedings{hpca14,
 booktitle = {HPCA-20},
 year = {2014},
}

@proceedings{hpca15,
 booktitle = {HPCA-21},
 year = {2015},
}

@proceedings{hpca16,
 booktitle = {HPCA-22},
 year = {2016},
}

@proceedings{hpca17,
 booktitle = {HPCA-23},
 year = {2017},
}

@proceedings{hpca18,
 booktitle = {HPCA-24},
 year = {2018},
}

@proceedings{hpca19,
 booktitle = {HPCA-25},
 year = {2019},
}

@proceedings{hpca20,
 booktitle = {HPCA-26},
 year = {2020},
}

@proceedings{hpca21,
 booktitle = {HPCA-27},
 year = {2021},
}

@proceedings{hpca22,
 booktitle = {HPCA-28},
 year = {2022},
}

@proceedings{hpca95,
 booktitle = {HPCA-1},
 year = {1995},
}

@proceedings{hpca96,
 booktitle = {HPCA-2},
 year = {1996},
}

@proceedings{hpca97,
 booktitle = {HPCA-3},
 year = {1997},
}

@proceedings{hpca98,
 booktitle = {HPCA-4},
 year = {1998},
}

@proceedings{hpca99,
 booktitle = {HPCA-5},
 year = {1999},
}

@proceedings{iccd00,
 booktitle = {ICCD},
 year = {2000},
}

@proceedings{iccd01,
 booktitle = {ICCD},
 year = {2001},
}

@proceedings{iccd02,
 booktitle = {ICCD},
 year = {2002},
}

@proceedings{iccd03,
 booktitle = {ICCD},
 year = {2003},
}

@proceedings{iccd04,
 booktitle = {ICCD},
 year = {2004},
}

@proceedings{iccd05,
 booktitle = {ICCD},
 year = {2005},
}

@proceedings{iccd06,
 booktitle = {ICCD},
 year = {2006},
}

@proceedings{iccd07,
 booktitle = {ICCD},
 year = {2007},
}

@proceedings{iccd08,
 booktitle = {ICCD},
 year = {2008},
}

@proceedings{iccd09,
 booktitle = {ICCD},
 year = {2009},
}

@proceedings{iccd10,
 booktitle = {ICCD},
 year = {2010},
}

@proceedings{iccd11,
 booktitle = {ICCD},
 year = {2011},
}

@proceedings{iccd12,
 booktitle = {ICCD},
 year = {2012},
}

@proceedings{iccd13,
 booktitle = {ICCD},
 year = {2013},
}

@proceedings{iccd14,
 booktitle = {ICCD},
 year = {2014},
}

@proceedings{iccd15,
 booktitle = {ICCD},
 year = {2015},
}

@proceedings{iccd16,
 booktitle = {ICCD},
 year = {2016},
}

@proceedings{iccd17,
 booktitle = {ICCD},
 year = {2017},
}

@proceedings{iccd18,
 booktitle = {ICCD},
 year = {2018},
}

@proceedings{iccd19,
 booktitle = {ICCD},
 year = {2019},
}

@proceedings{iccd20,
 booktitle = {ICCD},
 year = {2020},
}

@proceedings{iccd21,
 booktitle = {ICCD},
 year = {2021},
}

@proceedings{iccd22,
 booktitle = {ICCD},
 year = {2022},
}

@proceedings{iccd83,
 booktitle = {ICCD},
 year = {1983},
}

@proceedings{iccd84,
 booktitle = {ICCD},
 year = {1984},
}

@proceedings{iccd85,
 booktitle = {ICCD},
 year = {1985},
}

@proceedings{iccd86,
 booktitle = {ICCD},
 year = {1986},
}

@proceedings{iccd87,
 booktitle = {ICCD},
 year = {1987},
}

@proceedings{iccd88,
 booktitle = {ICCD},
 year = {1988},
}

@proceedings{iccd89,
 booktitle = {ICCD},
 year = {1989},
}

@proceedings{iccd90,
 booktitle = {ICCD},
 year = {1990},
}

@proceedings{iccd91,
 booktitle = {ICCD},
 year = {1991},
}

@proceedings{iccd92,
 booktitle = {ICCD},
 year = {1992},
}

@proceedings{iccd93,
 booktitle = {ICCD},
 year = {1993},
}

@proceedings{iccd94,
 booktitle = {ICCD},
 year = {1994},
}

@proceedings{iccd95,
 booktitle = {ICCD},
 year = {1995},
}

@proceedings{iccd96,
 booktitle = {ICCD},
 year = {1996},
}

@proceedings{iccd97,
 booktitle = {ICCD},
 year = {1997},
}

@proceedings{iccd98,
 booktitle = {ICCD},
 year = {1998},
}

@proceedings{iccd99,
 booktitle = {ICCD},
 year = {1999},
}

@proceedings{ics00,
 booktitle = {ICS'00},
 year = {2000},
}

@proceedings{ics01,
 booktitle = {ICS'01},
 year = {2001},
}

@proceedings{ics02,
 booktitle = {ICS'02},
 year = {2002},
}

@proceedings{ics03,
 booktitle = {ICS'03},
 year = {2003},
}

@proceedings{ics04,
 booktitle = {ICS'04},
 year = {2004},
}

@proceedings{ics05,
 booktitle = {ICS'05},
 year = {2005},
}

@proceedings{ics06,
 booktitle = {ICS'06},
 year = {2006},
}

@proceedings{ics07,
 booktitle = {ICS'07},
 year = {2007},
}

@proceedings{ics08,
 booktitle = {ICS'08},
 year = {2008},
}

@proceedings{ics09,
 booktitle = {ICS'09},
 year = {2009},
}

@proceedings{ics10,
 booktitle = {ICS'10},
 year = {2010},
}

@proceedings{ics11,
 booktitle = {ICS'11},
 year = {2011},
}

@proceedings{ics12,
 booktitle = {ICS'12},
 year = {2012},
}

@proceedings{ics13,
 booktitle = {ICS'13},
 year = {2013},
}

@proceedings{ics14,
 booktitle = {ICS'14},
 year = {2014},
}

@proceedings{ics15,
 booktitle = {ICS'15},
 year = {2015},
}

@proceedings{ics16,
 booktitle = {ICS'16},
 year = {2016},
}

@proceedings{ics17,
 booktitle = {ICS'17},
 year = {2017},
}

@proceedings{ics18,
 booktitle = {ICS'18},
 year = {2018},
}

@proceedings{ics19,
 booktitle = {ICS'19},
 year = {2019},
}

@proceedings{ics20,
 booktitle = {ICS'20},
 year = {2020},
}

@proceedings{ics21,
 booktitle = {ICS'21},
 year = {2021},
}

@proceedings{ics22,
 booktitle = {ICS'22},
 year = {2022},
}

@proceedings{ics87,
 booktitle = {ICS'87},
 year = {1987},
}

@proceedings{ics88,
 booktitle = {ICS'88},
 year = {1988},
}

@proceedings{ics89,
 booktitle = {ICS'89},
 year = {1989},
}

@proceedings{ics90,
 booktitle = {ICS'90},
 year = {1990},
}

@proceedings{ics91,
 booktitle = {ICS'91},
 year = {1991},
}

@proceedings{ics92,
 booktitle = {ICS'92},
 year = {1992},
}

@proceedings{ics93,
 booktitle = {ICS'93},
 year = {1993},
}

@proceedings{ics94,
 booktitle = {ICS'94},
 year = {1994},
}

@proceedings{ics95,
 booktitle = {ICS'95},
 year = {1995},
}

@proceedings{ics96,
 booktitle = {ICS'96},
 year = {1996},
}

@proceedings{ics97,
 booktitle = {ICS'97},
 year = {1997},
}

@proceedings{ics98,
 booktitle = {ICS'98},
 year = {1998},
}

@proceedings{ics99,
 booktitle = {ICS'99},
 year = {1999},
}

@proceedings{iiswc06,
 booktitle = {IISWC},
 year = {2006},
}

@proceedings{iiswc07,
 booktitle = {IISWC},
 year = {2007},
}

@proceedings{iiswc08,
 booktitle = {IISWC},
 year = {2008},
}

@proceedings{iiswc09,
 booktitle = {IISWC},
 year = {2009},
}

@proceedings{iiswc10,
 booktitle = {IISWC},
 year = {2010},
}

@proceedings{iiswc11,
 booktitle = {IISWC},
 year = {2011},
}

@proceedings{iiswc12,
 booktitle = {IISWC},
 year = {2012},
}

@proceedings{iiswc13,
 booktitle = {IISWC},
 year = {2013},
}

@proceedings{iiswc14,
 booktitle = {IISWC},
 year = {2014},
}

@proceedings{iiswc15,
 booktitle = {IISWC},
 year = {2015},
}

@proceedings{iiswc16,
 booktitle = {IISWC},
 year = {2016},
}

@proceedings{iiswc17,
 booktitle = {IISWC},
 year = {2017},
}

@proceedings{iiswc18,
 booktitle = {IISWC},
 year = {2018},
}

@proceedings{iiswc19,
 booktitle = {IISWC},
 year = {2019},
}

@proceedings{iiswc20,
 booktitle = {IISWC},
 year = {2020},
}

@proceedings{iiswc21,
 booktitle = {IISWC},
 year = {2021},
}

@proceedings{iiswc22,
 booktitle = {IISWC},
 year = {2022},
}

@proceedings{ipdps00,
 booktitle = {IPDPS},
 year = {2000},
}

@proceedings{ipdps01,
 booktitle = {IPDPS},
 year = {2001},
}

@proceedings{ipdps02,
 booktitle = {IPDPS},
 year = {2002},
}

@proceedings{ipdps03,
 booktitle = {IPDPS},
 year = {2003},
}

@proceedings{ipdps04,
 booktitle = {IPDPS},
 year = {2004},
}

@proceedings{ipdps05,
 booktitle = {IPDPS},
 year = {2005},
}

@proceedings{ipdps06,
 booktitle = {IPDPS},
 year = {2006},
}

@proceedings{ipdps07,
 booktitle = {IPDPS},
 year = {2007},
}

@proceedings{ipdps08,
 booktitle = {IPDPS},
 year = {2008},
}

@proceedings{ipdps09,
 booktitle = {IPDPS},
 year = {2009},
}

@proceedings{ipdps10,
 booktitle = {IPDPS},
 year = {2010},
}

@proceedings{ipdps11,
 booktitle = {IPDPS},
 year = {2011},
}

@proceedings{ipdps12,
 booktitle = {IPDPS},
 year = {2012},
}

@proceedings{ipdps13,
 booktitle = {IPDPS},
 year = {2013},
}

@proceedings{ipdps14,
 booktitle = {IPDPS},
 year = {2014},
}

@proceedings{ipdps15,
 booktitle = {IPDPS},
 year = {2015},
}

@proceedings{ipdps16,
 booktitle = {IPDPS},
 year = {2016},
}

@proceedings{ipdps17,
 booktitle = {IPDPS},
 year = {2017},
}

@proceedings{ipdps18,
 booktitle = {IPDPS},
 year = {2018},
}

@proceedings{ipdps19,
 booktitle = {IPDPS},
 year = {2019},
}

@proceedings{ipdps20,
 booktitle = {IPDPS},
 year = {2020},
}

@proceedings{ipdps21,
 booktitle = {IPDPS},
 year = {2021},
}

@proceedings{ipdps22,
 booktitle = {IPDPS},
 year = {2022},
}

@proceedings{isca00,
 booktitle = {ISCA-27},
 year = {2000},
}

@proceedings{isca01,
 booktitle = {ISCA-28},
 year = {2001},
}

@proceedings{isca02,
 booktitle = {ISCA-29},
 year = {2002},
}

@proceedings{isca03,
 booktitle = {ISCA-30},
 year = {2003},
}

@proceedings{isca04,
 booktitle = {ISCA-31},
 year = {2004},
}

@proceedings{isca05,
 booktitle = {ISCA-32},
 year = {2005},
}

@proceedings{isca06,
 booktitle = {ISCA-33},
 year = {2006},
}

@proceedings{isca07,
 booktitle = {ISCA-34},
 year = {2007},
}

@proceedings{isca08,
 booktitle = {ISCA-35},
 year = {2008},
}

@proceedings{isca09,
 booktitle = {ISCA-36},
 year = {2009},
}

@proceedings{isca10,
 booktitle = {ISCA-37},
 year = {2010},
}

@proceedings{isca11,
 booktitle = {ISCA-38},
 year = {2011},
}

@proceedings{isca12,
 booktitle = {ISCA-39},
 year = {2012},
}

@proceedings{isca13,
 booktitle = {ISCA-40},
 year = {2013},
}

@proceedings{isca14,
 booktitle = {ISCA-41},
 year = {2014},
}

@proceedings{isca15,
 booktitle = {ISCA-42},
 year = {2015},
}

@proceedings{isca16,
 booktitle = {ISCA-43},
 year = {2016},
}

@proceedings{isca17,
 booktitle = {ISCA-44},
 year = {2017},
}

@proceedings{isca18,
 booktitle = {ISCA-45},
 year = {2018},
}

@proceedings{isca19,
 booktitle = {ISCA-46},
 year = {2019},
}

@proceedings{isca20,
 booktitle = {ISCA-47},
 year = {2020},
}

@proceedings{isca21,
 booktitle = {ISCA-48},
 year = {2021},
}

@proceedings{isca22,
 booktitle = {ISCA-49},
 year = {2022},
}

@proceedings{isca73,
 booktitle = {ISCA-1},
 year = {1973},
}

@proceedings{isca74,
 booktitle = {ISCA-2},
 year = {1974},
}

@proceedings{isca76,
 booktitle = {ISCA-3},
 year = {1976},
}

@proceedings{isca77,
 booktitle = {ISCA-4},
 year = {1977},
}

@proceedings{isca78,
 booktitle = {ISCA-5},
 year = {1978},
}

@proceedings{isca79,
 booktitle = {ISCA-6},
 year = {1979},
}

@proceedings{isca80,
 booktitle = {ISCA-7},
 year = {1980},
}

@proceedings{isca81,
 booktitle = {ISCA-8},
 year = {1981},
}

@proceedings{isca82,
 booktitle = {ISCA-9},
 year = {1982},
}

@proceedings{isca83,
 booktitle = {ISCA-10},
 year = {1983},
}

@proceedings{isca84,
 booktitle = {ISCA-11},
 year = {1984},
}

@proceedings{isca85,
 booktitle = {ISCA-12},
 year = {1985},
}

@proceedings{isca86,
 booktitle = {ISCA-13},
 year = {1986},
}

@proceedings{isca87,
 booktitle = {ISCA-14},
 year = {1987},
}

@proceedings{isca88,
 booktitle = {ISCA-15},
 year = {1988},
}

@proceedings{isca89,
 booktitle = {ISCA-16},
 year = {1989},
}

@proceedings{isca90,
 booktitle = {ISCA-17},
 year = {1990},
}

@proceedings{isca91,
 booktitle = {ISCA-18},
 year = {1991},
}

@proceedings{isca92,
 booktitle = {ISCA-19},
 year = {1992},
}

@proceedings{isca93,
 booktitle = {ISCA-20},
 year = {1993},
}

@proceedings{isca94,
 booktitle = {ISCA-21},
 year = {1994},
}

@proceedings{isca95,
 booktitle = {ISCA-22},
 year = {1995},
}

@proceedings{isca96,
 booktitle = {ISCA-23},
 year = {1996},
}

@proceedings{isca97,
 booktitle = {ISCA-24},
 year = {1997},
}

@proceedings{isca98,
 booktitle = {ISCA-25},
 year = {1998},
}

@proceedings{isca99,
 booktitle = {ISCA-26},
 year = {1999},
}

@proceedings{ispass01,
 booktitle = {ISPASS},
 year = {2001},
}

@proceedings{ispass02,
 booktitle = {ISPASS},
 year = {2002},
}

@proceedings{ispass03,
 booktitle = {ISPASS},
 year = {2003},
}

@proceedings{ispass04,
 booktitle = {ISPASS},
 year = {2004},
}

@proceedings{ispass05,
 booktitle = {ISPASS},
 year = {2005},
}

@proceedings{ispass06,
 booktitle = {ISPASS},
 year = {2006},
}

@proceedings{ispass07,
 booktitle = {ISPASS},
 year = {2007},
}

@proceedings{ispass08,
 booktitle = {ISPASS},
 year = {2008},
}

@proceedings{ispass09,
 booktitle = {ISPASS},
 year = {2009},
}

@proceedings{ispass10,
 booktitle = {ISPASS},
 year = {2010},
}

@proceedings{ispass11,
 booktitle = {ISPASS},
 year = {2011},
}

@proceedings{ispass12,
 booktitle = {ISPASS},
 year = {2012},
}

@proceedings{ispass13,
 booktitle = {ISPASS},
 year = {2013},
}

@proceedings{ispass14,
 booktitle = {ISPASS},
 year = {2014},
}

@proceedings{ispass15,
 booktitle = {ISPASS},
 year = {2015},
}

@proceedings{ispass16,
 booktitle = {ISPASS},
 year = {2016},
}

@proceedings{ispass17,
 booktitle = {ISPASS},
 year = {2017},
}

@proceedings{ispass18,
 booktitle = {ISPASS},
 year = {2018},
}

@proceedings{ispass19,
 booktitle = {ISPASS},
 year = {2019},
}

@proceedings{ispass20,
 booktitle = {ISPASS},
 year = {2020},
}

@proceedings{ispass21,
 booktitle = {ISPASS},
 year = {2021},
}

@proceedings{ispass22,
 booktitle = {ISPASS},
 year = {2022},
}

@proceedings{isscc00,
 booktitle = {ISSCC},
 year = {2000},
}

@proceedings{isscc01,
 booktitle = {ISSCC},
 year = {2001},
}

@proceedings{isscc02,
 booktitle = {ISSCC},
 year = {2002},
}

@proceedings{isscc03,
 booktitle = {ISSCC},
 year = {2003},
}

@proceedings{isscc04,
 booktitle = {ISSCC},
 year = {2004},
}

@proceedings{isscc05,
 booktitle = {ISSCC},
 year = {2005},
}

@proceedings{isscc06,
 booktitle = {ISSCC},
 year = {2006},
}

@proceedings{isscc07,
 booktitle = {ISSCC},
 year = {2007},
}

@proceedings{isscc08,
 booktitle = {ISSCC},
 year = {2008},
}

@proceedings{isscc09,
 booktitle = {ISSCC},
 year = {2009},
}

@proceedings{isscc10,
 booktitle = {ISSCC},
 year = {2010},
}

@proceedings{isscc11,
 booktitle = {ISSCC},
 year = {2011},
}

@proceedings{isscc12,
 booktitle = {ISSCC},
 year = {2012},
}

@proceedings{isscc13,
 booktitle = {ISSCC},
 year = {2013},
}

@proceedings{isscc14,
 booktitle = {ISSCC},
 year = {2014},
}

@proceedings{isscc15,
 booktitle = {ISSCC},
 year = {2015},
}

@proceedings{isscc16,
 booktitle = {ISSCC},
 year = {2016},
}

@proceedings{isscc17,
 booktitle = {ISSCC},
 year = {2017},
}

@proceedings{isscc18,
 booktitle = {ISSCC},
 year = {2018},
}

@proceedings{isscc19,
 booktitle = {ISSCC},
 year = {2019},
}

@proceedings{isscc20,
 booktitle = {ISSCC},
 year = {2020},
}

@proceedings{isscc21,
 booktitle = {ISSCC},
 year = {2021},
}

@proceedings{isscc22,
 booktitle = {ISSCC},
 year = {2022},
}

@proceedings{isscc54,
 booktitle = {ISSCC},
 year = {1954},
}

@proceedings{isscc55,
 booktitle = {ISSCC},
 year = {1955},
}

@proceedings{isscc56,
 booktitle = {ISSCC},
 year = {1956},
}

@proceedings{isscc57,
 booktitle = {ISSCC},
 year = {1957},
}

@proceedings{isscc58,
 booktitle = {ISSCC},
 year = {1958},
}

@proceedings{isscc59,
 booktitle = {ISSCC},
 year = {1959},
}

@proceedings{isscc60,
 booktitle = {ISSCC},
 year = {1960},
}

@proceedings{isscc61,
 booktitle = {ISSCC},
 year = {1961},
}

@proceedings{isscc62,
 booktitle = {ISSCC},
 year = {1962},
}

@proceedings{isscc63,
 booktitle = {ISSCC},
 year = {1963},
}

@proceedings{isscc64,
 booktitle = {ISSCC},
 year = {1964},
}

@proceedings{isscc65,
 booktitle = {ISSCC},
 year = {1965},
}

@proceedings{isscc66,
 booktitle = {ISSCC},
 year = {1966},
}

@proceedings{isscc67,
 booktitle = {ISSCC},
 year = {1967},
}

@proceedings{isscc68,
 booktitle = {ISSCC},
 year = {1968},
}

@proceedings{isscc69,
 booktitle = {ISSCC},
 year = {1969},
}

@proceedings{isscc70,
 booktitle = {ISSCC},
 year = {1970},
}

@proceedings{isscc71,
 booktitle = {ISSCC},
 year = {1971},
}

@proceedings{isscc72,
 booktitle = {ISSCC},
 year = {1972},
}

@proceedings{isscc73,
 booktitle = {ISSCC},
 year = {1973},
}

@proceedings{isscc74,
 booktitle = {ISSCC},
 year = {1974},
}

@proceedings{isscc75,
 booktitle = {ISSCC},
 year = {1975},
}

@proceedings{isscc76,
 booktitle = {ISSCC},
 year = {1976},
}

@proceedings{isscc77,
 booktitle = {ISSCC},
 year = {1977},
}

@proceedings{isscc78,
 booktitle = {ISSCC},
 year = {1978},
}

@proceedings{isscc79,
 booktitle = {ISSCC},
 year = {1979},
}

@proceedings{isscc80,
 booktitle = {ISSCC},
 year = {1980},
}

@proceedings{isscc81,
 booktitle = {ISSCC},
 year = {1981},
}

@proceedings{isscc82,
 booktitle = {ISSCC},
 year = {1982},
}

@proceedings{isscc83,
 booktitle = {ISSCC},
 year = {1983},
}

@proceedings{isscc84,
 booktitle = {ISSCC},
 year = {1984},
}

@proceedings{isscc85,
 booktitle = {ISSCC},
 year = {1985},
}

@proceedings{isscc86,
 booktitle = {ISSCC},
 year = {1986},
}

@proceedings{isscc87,
 booktitle = {ISSCC},
 year = {1987},
}

@proceedings{isscc88,
 booktitle = {ISSCC},
 year = {1988},
}

@proceedings{isscc89,
 booktitle = {ISSCC},
 year = {1989},
}

@proceedings{isscc90,
 booktitle = {ISSCC},
 year = {1990},
}

@proceedings{isscc91,
 booktitle = {ISSCC},
 year = {1991},
}

@proceedings{isscc92,
 booktitle = {ISSCC},
 year = {1992},
}

@proceedings{isscc93,
 booktitle = {ISSCC},
 year = {1993},
}

@proceedings{isscc94,
 booktitle = {ISSCC},
 year = {1994},
}

@proceedings{isscc95,
 booktitle = {ISSCC},
 year = {1995},
}

@proceedings{isscc96,
 booktitle = {ISSCC},
 year = {1996},
}

@proceedings{isscc97,
 booktitle = {ISSCC},
 year = {1997},
}

@proceedings{isscc98,
 booktitle = {ISSCC},
 year = {1998},
}

@proceedings{isscc99,
 booktitle = {ISSCC},
 year = {1999},
}

@proceedings{micro00,
 booktitle = {MICRO-33},
 year = {2000},
}

@proceedings{micro01,
 booktitle = {MICRO-34},
 year = {2001},
}

@proceedings{micro02,
 booktitle = {MICRO-35},
 year = {2002},
}

@proceedings{micro03,
 booktitle = {MICRO-36},
 year = {2003},
}

@proceedings{micro04,
 booktitle = {MICRO-37},
 year = {2004},
}

@proceedings{micro05,
 booktitle = {MICRO-38},
 year = {2005},
}

@proceedings{micro06,
 booktitle = {MICRO-39},
 year = {2006},
}

@proceedings{micro07,
 booktitle = {MICRO-40},
 year = {2007},
}

@proceedings{micro08,
 booktitle = {MICRO-41},
 year = {2008},
}

@proceedings{micro09,
 booktitle = {MICRO-42},
 year = {2009},
}

@proceedings{micro10,
 booktitle = {MICRO-43},
 year = {2010},
}

@proceedings{micro11,
 booktitle = {MICRO-44},
 year = {2011},
}

@proceedings{micro12,
 booktitle = {MICRO-45},
 year = {2012},
}

@proceedings{micro13,
 booktitle = {MICRO-46},
 year = {2013},
}

@proceedings{micro14,
 booktitle = {MICRO-47},
 year = {2014},
}

@proceedings{micro15,
 booktitle = {MICRO-48},
 year = {2015},
}

@proceedings{micro16,
 booktitle = {MICRO-49},
 year = {2016},
}

@proceedings{micro17,
 booktitle = {MICRO-50},
 year = {2017},
}

@proceedings{micro18,
 booktitle = {MICRO-51},
 year = {2018},
}

@proceedings{micro19,
 booktitle = {MICRO-52},
 year = {2019},
}

@proceedings{micro20,
 booktitle = {MICRO-53},
 year = {2020},
}

@proceedings{micro21,
 booktitle = {MICRO-54},
 year = {2021},
}

@proceedings{micro22,
 booktitle = {MICRO-55},
 year = {2022},
}

@proceedings{micro68,
 booktitle = {MICRO-1},
 year = {1968},
}

@proceedings{micro69,
 booktitle = {MICRO-2},
 year = {1969},
}

@proceedings{micro70,
 booktitle = {MICRO-3},
 year = {1970},
}

@proceedings{micro71,
 booktitle = {MICRO-4},
 year = {1971},
}

@proceedings{micro72,
 booktitle = {MICRO-5},
 year = {1972},
}

@proceedings{micro73,
 booktitle = {MICRO-6},
 year = {1973},
}

@proceedings{micro74,
 booktitle = {MICRO-7},
 year = {1974},
}

@proceedings{micro75,
 booktitle = {MICRO-8},
 year = {1975},
}

@proceedings{micro76,
 booktitle = {MICRO-9},
 year = {1976},
}

@proceedings{micro77,
 booktitle = {MICRO-10},
 year = {1977},
}

@proceedings{micro78,
 booktitle = {MICRO-11},
 year = {1978},
}

@proceedings{micro79,
 booktitle = {MICRO-12},
 year = {1979},
}

@proceedings{micro80,
 booktitle = {MICRO-13},
 year = {1980},
}

@proceedings{micro81,
 booktitle = {MICRO-14},
 year = {1981},
}

@proceedings{micro82,
 booktitle = {MICRO-15},
 year = {1982},
}

@proceedings{micro83,
 booktitle = {MICRO-16},
 year = {1983},
}

@proceedings{micro84,
 booktitle = {MICRO-17},
 year = {1984},
}

@proceedings{micro85,
 booktitle = {MICRO-18},
 year = {1985},
}

@proceedings{micro86,
 booktitle = {MICRO-19},
 year = {1986},
}

@proceedings{micro87,
 booktitle = {MICRO-20},
 year = {1987},
}

@proceedings{micro88,
 booktitle = {MICRO-21},
 year = {1988},
}

@proceedings{micro89,
 booktitle = {MICRO-22},
 year = {1989},
}

@proceedings{micro90,
 booktitle = {MICRO-23},
 year = {1990},
}

@proceedings{micro91,
 booktitle = {MICRO-24},
 year = {1991},
}

@proceedings{micro92,
 booktitle = {MICRO-25},
 year = {1992},
}

@proceedings{micro93,
 booktitle = {MICRO-26},
 year = {1993},
}

@proceedings{micro94,
 booktitle = {MICRO-27},
 year = {1994},
}

@proceedings{micro95,
 booktitle = {MICRO-28},
 year = {1995},
}

@proceedings{micro96,
 booktitle = {MICRO-29},
 year = {1996},
}

@proceedings{micro97,
 booktitle = {MICRO-30},
 year = {1997},
}

@proceedings{micro98,
 booktitle = {MICRO-31},
 year = {1998},
}

@proceedings{micro99,
 booktitle = {MICRO-32},
 year = {1999},
}

@proceedings{nsdi04,
 booktitle = {NSDI},
 year = {2004},
}

@proceedings{nsdi05,
 booktitle = {NSDI},
 year = {2005},
}

@proceedings{nsdi06,
 booktitle = {NSDI},
 year = {2006},
}

@proceedings{nsdi07,
 booktitle = {NSDI},
 year = {2007},
}

@proceedings{nsdi08,
 booktitle = {NSDI},
 year = {2008},
}

@proceedings{nsdi09,
 booktitle = {NSDI},
 year = {2009},
}

@proceedings{nsdi10,
 booktitle = {NSDI},
 year = {2010},
}

@proceedings{nsdi11,
 booktitle = {NSDI},
 year = {2011},
}

@proceedings{nsdi12,
 booktitle = {NSDI},
 year = {2012},
}

@proceedings{nsdi13,
 booktitle = {NSDI},
 year = {2013},
}

@proceedings{nsdi14,
 booktitle = {NSDI},
 year = {2014},
}

@proceedings{nsdi15,
 booktitle = {NSDI},
 year = {2015},
}

@proceedings{nsdi16,
 booktitle = {NSDI},
 year = {2016},
}

@proceedings{nsdi17,
 booktitle = {NSDI},
 year = {2017},
}

@proceedings{nsdi18,
 booktitle = {NSDI},
 year = {2018},
}

@proceedings{nsdi19,
 booktitle = {NSDI},
 year = {2019},
}

@proceedings{nsdi20,
 booktitle = {NSDI},
 year = {2020},
}

@proceedings{nsdi21,
 booktitle = {NSDI},
 year = {2021},
}

@proceedings{nsdi22,
 booktitle = {NSDI},
 year = {2022},
}

@proceedings{oopsla00,
 booktitle = {OOPSLA},
 year = {2000},
}

@proceedings{oopsla01,
 booktitle = {OOPSLA},
 year = {2001},
}

@proceedings{oopsla02,
 booktitle = {OOPSLA},
 year = {2002},
}

@proceedings{oopsla03,
 booktitle = {OOPSLA},
 year = {2003},
}

@proceedings{oopsla04,
 booktitle = {OOPSLA},
 year = {2004},
}

@proceedings{oopsla05,
 booktitle = {OOPSLA},
 year = {2005},
}

@proceedings{oopsla06,
 booktitle = {OOPSLA},
 year = {2006},
}

@proceedings{oopsla07,
 booktitle = {OOPSLA},
 year = {2007},
}

@proceedings{oopsla08,
 booktitle = {OOPSLA},
 year = {2008},
}

@proceedings{oopsla09,
 booktitle = {OOPSLA},
 year = {2009},
}

@proceedings{oopsla10,
 booktitle = {OOPSLA},
 year = {2010},
}

@proceedings{oopsla11,
 booktitle = {OOPSLA},
 year = {2011},
}

@proceedings{oopsla12,
 booktitle = {OOPSLA},
 year = {2012},
}

@proceedings{oopsla13,
 booktitle = {OOPSLA},
 year = {2013},
}

@proceedings{oopsla14,
 booktitle = {OOPSLA},
 year = {2014},
}

@proceedings{oopsla15,
 booktitle = {OOPSLA},
 year = {2015},
}

@proceedings{oopsla16,
 booktitle = {OOPSLA},
 year = {2016},
}

@proceedings{oopsla17,
 booktitle = {OOPSLA},
 year = {2017},
}

@proceedings{oopsla18,
 booktitle = {OOPSLA},
 year = {2018},
}

@proceedings{oopsla19,
 booktitle = {OOPSLA},
 year = {2019},
}

@proceedings{oopsla20,
 booktitle = {OOPSLA},
 year = {2020},
}

@proceedings{oopsla21,
 booktitle = {OOPSLA},
 year = {2021},
}

@proceedings{oopsla22,
 booktitle = {OOPSLA},
 year = {2022},
}

@proceedings{oopsla86,
 booktitle = {OOPSLA},
 year = {1986},
}

@proceedings{oopsla87,
 booktitle = {OOPSLA},
 year = {1987},
}

@proceedings{oopsla88,
 booktitle = {OOPSLA},
 year = {1988},
}

@proceedings{oopsla89,
 booktitle = {OOPSLA},
 year = {1989},
}

@proceedings{oopsla90,
 booktitle = {OOPSLA},
 year = {1990},
}

@proceedings{oopsla91,
 booktitle = {OOPSLA},
 year = {1991},
}

@proceedings{oopsla92,
 booktitle = {OOPSLA},
 year = {1992},
}

@proceedings{oopsla93,
 booktitle = {OOPSLA},
 year = {1993},
}

@proceedings{oopsla94,
 booktitle = {OOPSLA},
 year = {1994},
}

@proceedings{oopsla95,
 booktitle = {OOPSLA},
 year = {1995},
}

@proceedings{oopsla96,
 booktitle = {OOPSLA},
 year = {1996},
}

@proceedings{oopsla97,
 booktitle = {OOPSLA},
 year = {1997},
}

@proceedings{oopsla98,
 booktitle = {OOPSLA},
 year = {1998},
}

@proceedings{oopsla99,
 booktitle = {OOPSLA},
 year = {1999},
}

@proceedings{osdi00,
 booktitle = {OSDI-4},
 year = {2000},
}

@proceedings{osdi02,
 booktitle = {OSDI-5},
 year = {2002},
}

@proceedings{osdi04,
 booktitle = {OSDI-6},
 year = {2004},
}

@proceedings{osdi06,
 booktitle = {OSDI-7},
 year = {2006},
}

@proceedings{osdi08,
 booktitle = {OSDI-8},
 year = {2008},
}

@proceedings{osdi10,
 booktitle = {OSDI-9},
 year = {2010},
}

@proceedings{osdi12,
 booktitle = {OSDI-10},
 year = {2012},
}

@proceedings{osdi14,
 booktitle = {OSDI-11},
 year = {2014},
}

@proceedings{osdi16,
 booktitle = {OSDI-12},
 year = {2016},
}

@proceedings{osdi18,
 booktitle = {OSDI-13},
 year = {2018},
}

@proceedings{osdi20,
 booktitle = {OSDI-14},
 year = {2020},
}

@proceedings{osdi22,
 booktitle = {OSDI-15},
 year = {2022},
}

@proceedings{osdi94,
 booktitle = {OSDI-1},
 year = {1994},
}

@proceedings{osdi96,
 booktitle = {OSDI-2},
 year = {1996},
}

@proceedings{osdi99,
 booktitle = {OSDI-3},
 year = {1999},
}

@proceedings{pact00,
 booktitle = {PACT-9},
 year = {2000},
}

@proceedings{pact01,
 booktitle = {PACT-10},
 year = {2001},
}

@proceedings{pact02,
 booktitle = {PACT-11},
 year = {2002},
}

@proceedings{pact03,
 booktitle = {PACT-12},
 year = {2003},
}

@proceedings{pact04,
 booktitle = {PACT-13},
 year = {2004},
}

@proceedings{pact05,
 booktitle = {PACT-14},
 year = {2005},
}

@proceedings{pact06,
 booktitle = {PACT-15},
 year = {2006},
}

@proceedings{pact07,
 booktitle = {PACT-16},
 year = {2007},
}

@proceedings{pact08,
 booktitle = {PACT-17},
 year = {2008},
}

@proceedings{pact09,
 booktitle = {PACT-18},
 year = {2009},
}

@proceedings{pact10,
 booktitle = {PACT-19},
 year = {2010},
}

@proceedings{pact11,
 booktitle = {PACT-20},
 year = {2011},
}

@proceedings{pact12,
 booktitle = {PACT-21},
 year = {2012},
}

@proceedings{pact13,
 booktitle = {PACT-22},
 year = {2013},
}

@proceedings{pact14,
 booktitle = {PACT-23},
 year = {2014},
}

@proceedings{pact15,
 booktitle = {PACT-24},
 year = {2015},
}

@proceedings{pact16,
 booktitle = {PACT-25},
 year = {2016},
}

@proceedings{pact17,
 booktitle = {PACT-26},
 year = {2017},
}

@proceedings{pact18,
 booktitle = {PACT-27},
 year = {2018},
}

@proceedings{pact19,
 booktitle = {PACT-28},
 year = {2019},
}

@proceedings{pact20,
 booktitle = {PACT-29},
 year = {2020},
}

@proceedings{pact21,
 booktitle = {PACT-30},
 year = {2021},
}

@proceedings{pact22,
 booktitle = {PACT-31},
 year = {2022},
}

@proceedings{pact96,
 booktitle = {PACT-5},
 year = {1996},
}

@proceedings{pact97,
 booktitle = {PACT-6},
 year = {1997},
}

@proceedings{pact98,
 booktitle = {PACT-7},
 year = {1998},
}

@proceedings{pact99,
 booktitle = {PACT-8},
 year = {1999},
}

@proceedings{pldi00,
 booktitle = {PLDI},
 year = {2000},
}

@proceedings{pldi01,
 booktitle = {PLDI},
 year = {2001},
}

@proceedings{pldi02,
 booktitle = {PLDI},
 year = {2002},
}

@proceedings{pldi03,
 booktitle = {PLDI},
 year = {2003},
}

@proceedings{pldi04,
 booktitle = {PLDI},
 year = {2004},
}

@proceedings{pldi05,
 booktitle = {PLDI},
 year = {2005},
}

@proceedings{pldi06,
 booktitle = {PLDI},
 year = {2006},
}

@proceedings{pldi07,
 booktitle = {PLDI},
 year = {2007},
}

@proceedings{pldi08,
 booktitle = {PLDI},
 year = {2008},
}

@proceedings{pldi09,
 booktitle = {PLDI},
 year = {2009},
}

@proceedings{pldi10,
 booktitle = {PLDI},
 year = {2010},
}

@proceedings{pldi11,
 booktitle = {PLDI},
 year = {2011},
}

@proceedings{pldi12,
 booktitle = {PLDI},
 year = {2012},
}

@proceedings{pldi13,
 booktitle = {PLDI},
 year = {2013},
}

@proceedings{pldi14,
 booktitle = {PLDI},
 year = {2014},
}

@proceedings{pldi15,
 booktitle = {PLDI},
 year = {2015},
}

@proceedings{pldi16,
 booktitle = {PLDI},
 year = {2016},
}

@proceedings{pldi17,
 booktitle = {PLDI},
 year = {2017},
}

@proceedings{pldi18,
 booktitle = {PLDI},
 year = {2018},
}

@proceedings{pldi19,
 booktitle = {PLDI},
 year = {2019},
}

@proceedings{pldi20,
 booktitle = {PLDI},
 year = {2020},
}

@proceedings{pldi21,
 booktitle = {PLDI},
 year = {2021},
}

@proceedings{pldi22,
 booktitle = {PLDI},
 year = {2022},
}

@proceedings{pldi88,
 booktitle = {PLDI},
 year = {1988},
}

@proceedings{pldi89,
 booktitle = {PLDI},
 year = {1989},
}

@proceedings{pldi90,
 booktitle = {PLDI},
 year = {1990},
}

@proceedings{pldi91,
 booktitle = {PLDI},
 year = {1991},
}

@proceedings{pldi92,
 booktitle = {PLDI},
 year = {1992},
}

@proceedings{pldi93,
 booktitle = {PLDI},
 year = {1993},
}

@proceedings{pldi94,
 booktitle = {PLDI},
 year = {1994},
}

@proceedings{pldi95,
 booktitle = {PLDI},
 year = {1995},
}

@proceedings{pldi96,
 booktitle = {PLDI},
 year = {1996},
}

@proceedings{pldi97,
 booktitle = {PLDI},
 year = {1997},
}

@proceedings{pldi98,
 booktitle = {PLDI},
 year = {1998},
}

@proceedings{pldi99,
 booktitle = {PLDI},
 year = {1999},
}

@proceedings{popl00,
 booktitle = {POPL},
 year = {2000},
}

@proceedings{popl01,
 booktitle = {POPL},
 year = {2001},
}

@proceedings{popl02,
 booktitle = {POPL},
 year = {2002},
}

@proceedings{popl03,
 booktitle = {POPL},
 year = {2003},
}

@proceedings{popl04,
 booktitle = {POPL},
 year = {2004},
}

@proceedings{popl05,
 booktitle = {POPL},
 year = {2005},
}

@proceedings{popl06,
 booktitle = {POPL},
 year = {2006},
}

@proceedings{popl07,
 booktitle = {POPL},
 year = {2007},
}

@proceedings{popl08,
 booktitle = {POPL},
 year = {2008},
}

@proceedings{popl09,
 booktitle = {POPL},
 year = {2009},
}

@proceedings{popl10,
 booktitle = {POPL},
 year = {2010},
}

@proceedings{popl11,
 booktitle = {POPL},
 year = {2011},
}

@proceedings{popl12,
 booktitle = {POPL},
 year = {2012},
}

@proceedings{popl13,
 booktitle = {POPL},
 year = {2013},
}

@proceedings{popl14,
 booktitle = {POPL},
 year = {2014},
}

@proceedings{popl15,
 booktitle = {POPL},
 year = {2015},
}

@proceedings{popl16,
 booktitle = {POPL},
 year = {2016},
}

@proceedings{popl17,
 booktitle = {POPL},
 year = {2017},
}

@proceedings{popl18,
 booktitle = {POPL},
 year = {2018},
}

@proceedings{popl19,
 booktitle = {POPL},
 year = {2019},
}

@proceedings{popl20,
 booktitle = {POPL},
 year = {2020},
}

@proceedings{popl21,
 booktitle = {POPL},
 year = {2021},
}

@proceedings{popl22,
 booktitle = {POPL},
 year = {2022},
}

@proceedings{popl73,
 booktitle = {POPL},
 year = {1973},
}

@proceedings{popl75,
 booktitle = {POPL},
 year = {1975},
}

@proceedings{popl76,
 booktitle = {POPL},
 year = {1976},
}

@proceedings{popl77,
 booktitle = {POPL},
 year = {1977},
}

@proceedings{popl78,
 booktitle = {POPL},
 year = {1978},
}

@proceedings{popl79,
 booktitle = {POPL},
 year = {1979},
}

@proceedings{popl80,
 booktitle = {POPL},
 year = {1980},
}

@proceedings{popl81,
 booktitle = {POPL},
 year = {1981},
}

@proceedings{popl82,
 booktitle = {POPL},
 year = {1982},
}

@proceedings{popl83,
 booktitle = {POPL},
 year = {1983},
}

@proceedings{popl84,
 booktitle = {POPL},
 year = {1984},
}

@proceedings{popl85,
 booktitle = {POPL},
 year = {1985},
}

@proceedings{popl86,
 booktitle = {POPL},
 year = {1986},
}

@proceedings{popl87,
 booktitle = {POPL},
 year = {1987},
}

@proceedings{popl88,
 booktitle = {POPL},
 year = {1988},
}

@proceedings{popl89,
 booktitle = {POPL},
 year = {1989},
}

@proceedings{popl90,
 booktitle = {POPL},
 year = {1990},
}

@proceedings{popl91,
 booktitle = {POPL},
 year = {1991},
}

@proceedings{popl92,
 booktitle = {POPL},
 year = {1992},
}

@proceedings{popl93,
 booktitle = {POPL},
 year = {1993},
}

@proceedings{popl94,
 booktitle = {POPL},
 year = {1994},
}

@proceedings{popl95,
 booktitle = {POPL},
 year = {1995},
}

@proceedings{popl96,
 booktitle = {POPL},
 year = {1996},
}

@proceedings{popl97,
 booktitle = {POPL},
 year = {1997},
}

@proceedings{popl98,
 booktitle = {POPL},
 year = {1998},
}

@proceedings{popl99,
 booktitle = {POPL},
 year = {1999},
}

@proceedings{ppopp00,
 booktitle = {PPoPP},
 year = {2000},
}

@proceedings{ppopp01,
 booktitle = {PPoPP},
 year = {2001},
}

@proceedings{ppopp02,
 booktitle = {PPoPP},
 year = {2002},
}

@proceedings{ppopp03,
 booktitle = {PPoPP},
 year = {2003},
}

@proceedings{ppopp04,
 booktitle = {PPoPP},
 year = {2004},
}

@proceedings{ppopp05,
 booktitle = {PPoPP},
 year = {2005},
}

@proceedings{ppopp06,
 booktitle = {PPoPP},
 year = {2006},
}

@proceedings{ppopp07,
 booktitle = {PPoPP},
 year = {2007},
}

@proceedings{ppopp08,
 booktitle = {PPoPP},
 year = {2008},
}

@proceedings{ppopp09,
 booktitle = {PPoPP},
 year = {2009},
}

@proceedings{ppopp10,
 booktitle = {PPoPP},
 year = {2010},
}

@proceedings{ppopp11,
 booktitle = {PPoPP},
 year = {2011},
}

@proceedings{ppopp12,
 booktitle = {PPoPP},
 year = {2012},
}

@proceedings{ppopp13,
 booktitle = {PPoPP},
 year = {2013},
}

@proceedings{ppopp14,
 booktitle = {PPoPP},
 year = {2014},
}

@proceedings{ppopp15,
 booktitle = {PPoPP},
 year = {2015},
}

@proceedings{ppopp16,
 booktitle = {PPoPP},
 year = {2016},
}

@proceedings{ppopp17,
 booktitle = {PPoPP},
 year = {2017},
}

@proceedings{ppopp18,
 booktitle = {PPoPP},
 year = {2018},
}

@proceedings{ppopp19,
 booktitle = {PPoPP},
 year = {2019},
}

@proceedings{ppopp20,
 booktitle = {PPoPP},
 year = {2020},
}

@proceedings{ppopp21,
 booktitle = {PPoPP},
 year = {2021},
}

@proceedings{ppopp22,
 booktitle = {PPoPP},
 year = {2022},
}

@proceedings{ppopp90,
 booktitle = {PPoPP},
 year = {1990},
}

@proceedings{ppopp91,
 booktitle = {PPoPP},
 year = {1991},
}

@proceedings{ppopp92,
 booktitle = {PPoPP},
 year = {1992},
}

@proceedings{ppopp93,
 booktitle = {PPoPP},
 year = {1993},
}

@proceedings{ppopp94,
 booktitle = {PPoPP},
 year = {1994},
}

@proceedings{ppopp95,
 booktitle = {PPoPP},
 year = {1995},
}

@proceedings{ppopp96,
 booktitle = {PPoPP},
 year = {1996},
}

@proceedings{ppopp97,
 booktitle = {PPoPP},
 year = {1997},
}

@proceedings{ppopp98,
 booktitle = {PPoPP},
 year = {1998},
}

@proceedings{ppopp99,
 booktitle = {PPoPP},
 year = {1999},
}

@proceedings{sc00,
 booktitle = {SC00},
 year = {2000},
}

@proceedings{sc01,
 booktitle = {SC01},
 year = {2001},
}

@proceedings{sc02,
 booktitle = {SC02},
 year = {2002},
}

@proceedings{sc03,
 booktitle = {SC03},
 year = {2003},
}

@proceedings{sc04,
 booktitle = {SC04},
 year = {2004},
}

@proceedings{sc05,
 booktitle = {SC05},
 year = {2005},
}

@proceedings{sc06,
 booktitle = {SC06},
 year = {2006},
}

@proceedings{sc07,
 booktitle = {SC07},
 year = {2007},
}

@proceedings{sc08,
 booktitle = {SC08},
 year = {2008},
}

@proceedings{sc09,
 booktitle = {SC09},
 year = {2009},
}

@proceedings{sc10,
 booktitle = {SC10},
 year = {2010},
}

@proceedings{sc11,
 booktitle = {SC11},
 year = {2011},
}

@proceedings{sc12,
 booktitle = {SC12},
 year = {2012},
}

@proceedings{sc13,
 booktitle = {SC13},
 year = {2013},
}

@proceedings{sc14,
 booktitle = {SC14},
 year = {2014},
}

@proceedings{sc15,
 booktitle = {SC15},
 year = {2015},
}

@proceedings{sc16,
 booktitle = {SC16},
 year = {2016},
}

@proceedings{sc17,
 booktitle = {SC17},
 year = {2017},
}

@proceedings{sc18,
 booktitle = {SC18},
 year = {2018},
}

@proceedings{sc19,
 booktitle = {SC19},
 year = {2019},
}

@proceedings{sc20,
 booktitle = {SC20},
 year = {2020},
}

@proceedings{sc21,
 booktitle = {SC21},
 year = {2021},
}

@proceedings{sc22,
 booktitle = {SC22},
 year = {2022},
}

@proceedings{sc88,
 booktitle = {SC88},
 year = {1988},
}

@proceedings{sc89,
 booktitle = {SC89},
 year = {1989},
}

@proceedings{sc90,
 booktitle = {SC90},
 year = {1990},
}

@proceedings{sc91,
 booktitle = {SC91},
 year = {1991},
}

@proceedings{sc92,
 booktitle = {SC92},
 year = {1992},
}

@proceedings{sc93,
 booktitle = {SC93},
 year = {1993},
}

@proceedings{sc94,
 booktitle = {SC94},
 year = {1994},
}

@proceedings{sc95,
 booktitle = {SC95},
 year = {1995},
}

@proceedings{sc96,
 booktitle = {SC96},
 year = {1996},
}

@proceedings{sc97,
 booktitle = {SC97},
 year = {1997},
}

@proceedings{sc98,
 booktitle = {SC98},
 year = {1998},
}

@proceedings{sc99,
 booktitle = {SC99},
 year = {1999},
}

@proceedings{sigcomm00,
 booktitle = {SIGCOMM},
 year = {2000},
}

@proceedings{sigcomm01,
 booktitle = {SIGCOMM},
 year = {2001},
}

@proceedings{sigcomm02,
 booktitle = {SIGCOMM},
 year = {2002},
}

@proceedings{sigcomm03,
 booktitle = {SIGCOMM},
 year = {2003},
}

@proceedings{sigcomm04,
 booktitle = {SIGCOMM},
 year = {2004},
}

@proceedings{sigcomm05,
 booktitle = {SIGCOMM},
 year = {2005},
}

@proceedings{sigcomm06,
 booktitle = {SIGCOMM},
 year = {2006},
}

@proceedings{sigcomm07,
 booktitle = {SIGCOMM},
 year = {2007},
}

@proceedings{sigcomm08,
 booktitle = {SIGCOMM},
 year = {2008},
}

@proceedings{sigcomm09,
 booktitle = {SIGCOMM},
 year = {2009},
}

@proceedings{sigcomm10,
 booktitle = {SIGCOMM},
 year = {2010},
}

@proceedings{sigcomm11,
 booktitle = {SIGCOMM},
 year = {2011},
}

@proceedings{sigcomm12,
 booktitle = {SIGCOMM},
 year = {2012},
}

@proceedings{sigcomm13,
 booktitle = {SIGCOMM},
 year = {2013},
}

@proceedings{sigcomm14,
 booktitle = {SIGCOMM},
 year = {2014},
}

@proceedings{sigcomm15,
 booktitle = {SIGCOMM},
 year = {2015},
}

@proceedings{sigcomm16,
 booktitle = {SIGCOMM},
 year = {2016},
}

@proceedings{sigcomm17,
 booktitle = {SIGCOMM},
 year = {2017},
}

@proceedings{sigcomm18,
 booktitle = {SIGCOMM},
 year = {2018},
}

@proceedings{sigcomm19,
 booktitle = {SIGCOMM},
 year = {2019},
}

@proceedings{sigcomm20,
 booktitle = {SIGCOMM},
 year = {2020},
}

@proceedings{sigcomm21,
 booktitle = {SIGCOMM},
 year = {2021},
}

@proceedings{sigcomm22,
 booktitle = {SIGCOMM},
 year = {2022},
}

@proceedings{sigcomm85,
 booktitle = {SIGCOMM},
 year = {1985},
}

@proceedings{sigcomm86,
 booktitle = {SIGCOMM},
 year = {1986},
}

@proceedings{sigcomm87,
 booktitle = {SIGCOMM},
 year = {1987},
}

@proceedings{sigcomm88,
 booktitle = {SIGCOMM},
 year = {1988},
}

@proceedings{sigcomm89,
 booktitle = {SIGCOMM},
 year = {1989},
}

@proceedings{sigcomm90,
 booktitle = {SIGCOMM},
 year = {1990},
}

@proceedings{sigcomm91,
 booktitle = {SIGCOMM},
 year = {1991},
}

@proceedings{sigcomm92,
 booktitle = {SIGCOMM},
 year = {1992},
}

@proceedings{sigcomm93,
 booktitle = {SIGCOMM},
 year = {1993},
}

@proceedings{sigcomm94,
 booktitle = {SIGCOMM},
 year = {1994},
}

@proceedings{sigcomm95,
 booktitle = {SIGCOMM},
 year = {1995},
}

@proceedings{sigcomm96,
 booktitle = {SIGCOMM},
 year = {1996},
}

@proceedings{sigcomm97,
 booktitle = {SIGCOMM},
 year = {1997},
}

@proceedings{sigcomm98,
 booktitle = {SIGCOMM},
 year = {1998},
}

@proceedings{sigcomm99,
 booktitle = {SIGCOMM},
 year = {1999},
}

@proceedings{sigmod00,
 booktitle = {SIGMOD},
 year = {2000},
}

@proceedings{sigmod01,
 booktitle = {SIGMOD},
 year = {2001},
}

@proceedings{sigmod02,
 booktitle = {SIGMOD},
 year = {2002},
}

@proceedings{sigmod03,
 booktitle = {SIGMOD},
 year = {2003},
}

@proceedings{sigmod04,
 booktitle = {SIGMOD},
 year = {2004},
}

@proceedings{sigmod05,
 booktitle = {SIGMOD},
 year = {2005},
}

@proceedings{sigmod06,
 booktitle = {SIGMOD},
 year = {2006},
}

@proceedings{sigmod07,
 booktitle = {SIGMOD},
 year = {2007},
}

@proceedings{sigmod08,
 booktitle = {SIGMOD},
 year = {2008},
}

@proceedings{sigmod09,
 booktitle = {SIGMOD},
 year = {2009},
}

@proceedings{sigmod10,
 booktitle = {SIGMOD},
 year = {2010},
}

@proceedings{sigmod11,
 booktitle = {SIGMOD},
 year = {2011},
}

@proceedings{sigmod12,
 booktitle = {SIGMOD},
 year = {2012},
}

@proceedings{sigmod13,
 booktitle = {SIGMOD},
 year = {2013},
}

@proceedings{sigmod14,
 booktitle = {SIGMOD},
 year = {2014},
}

@proceedings{sigmod15,
 booktitle = {SIGMOD},
 year = {2015},
}

@proceedings{sigmod16,
 booktitle = {SIGMOD},
 year = {2016},
}

@proceedings{sigmod17,
 booktitle = {SIGMOD},
 year = {2017},
}

@proceedings{sigmod18,
 booktitle = {SIGMOD},
 year = {2018},
}

@proceedings{sigmod19,
 booktitle = {SIGMOD},
 year = {2019},
}

@proceedings{sigmod20,
 booktitle = {SIGMOD},
 year = {2020},
}

@proceedings{sigmod21,
 booktitle = {SIGMOD},
 year = {2021},
}

@proceedings{sigmod22,
 booktitle = {SIGMOD},
 year = {2022},
}

@proceedings{sigmod88,
 booktitle = {SIGMOD},
 year = {1988},
}

@proceedings{sigmod89,
 booktitle = {SIGMOD},
 year = {1989},
}

@proceedings{sigmod90,
 booktitle = {SIGMOD},
 year = {1990},
}

@proceedings{sigmod91,
 booktitle = {SIGMOD},
 year = {1991},
}

@proceedings{sigmod92,
 booktitle = {SIGMOD},
 year = {1992},
}

@proceedings{sigmod93,
 booktitle = {SIGMOD},
 year = {1993},
}

@proceedings{sigmod94,
 booktitle = {SIGMOD},
 year = {1994},
}

@proceedings{sigmod95,
 booktitle = {SIGMOD},
 year = {1995},
}

@proceedings{sigmod96,
 booktitle = {SIGMOD},
 year = {1996},
}

@proceedings{sigmod97,
 booktitle = {SIGMOD},
 year = {1997},
}

@proceedings{sigmod98,
 booktitle = {SIGMOD},
 year = {1998},
}

@proceedings{sigmod99,
 booktitle = {SIGMOD},
 year = {1999},
}

@proceedings{sosp01,
 booktitle = {SOSP-18},
 year = {2001},
}

@proceedings{sosp03,
 booktitle = {SOSP-19},
 year = {2003},
}

@proceedings{sosp05,
 booktitle = {SOSP-20},
 year = {2005},
}

@proceedings{sosp07,
 booktitle = {SOSP-21},
 year = {2007},
}

@proceedings{sosp09,
 booktitle = {SOSP-22},
 year = {2009},
}

@proceedings{sosp11,
 booktitle = {SOSP-23},
 year = {2011},
}

@proceedings{sosp13,
 booktitle = {SOSP-24},
 year = {2013},
}

@proceedings{sosp15,
 booktitle = {SOSP-25},
 year = {2015},
}

@proceedings{sosp17,
 booktitle = {SOSP-26},
 year = {2017},
}

@proceedings{sosp19,
 booktitle = {SOSP-27},
 year = {2019},
}

@proceedings{sosp21,
 booktitle = {SOSP-28},
 year = {2021},
}

@proceedings{sosp67,
 booktitle = {SOSP-1},
 year = {1967},
}

@proceedings{sosp69,
 booktitle = {SOSP-2},
 year = {1969},
}

@proceedings{sosp71,
 booktitle = {SOSP-3},
 year = {1971},
}

@proceedings{sosp73,
 booktitle = {SOSP-4},
 year = {1973},
}

@proceedings{sosp75,
 booktitle = {SOSP-5},
 year = {1975},
}

@proceedings{sosp77,
 booktitle = {SOSP-6},
 year = {1977},
}

@proceedings{sosp79,
 booktitle = {SOSP-7},
 year = {1979},
}

@proceedings{sosp81,
 booktitle = {SOSP-8},
 year = {1981},
}

@proceedings{sosp83,
 booktitle = {SOSP-9},
 year = {1983},
}

@proceedings{sosp85,
 booktitle = {SOSP-10},
 year = {1985},
}

@proceedings{sosp87,
 booktitle = {SOSP-11},
 year = {1987},
}

@proceedings{sosp89,
 booktitle = {SOSP-12},
 year = {1989},
}

@proceedings{sosp91,
 booktitle = {SOSP-13},
 year = {1991},
}

@proceedings{sosp93,
 booktitle = {SOSP-14},
 year = {1993},
}

@proceedings{sosp95,
 booktitle = {SOSP-15},
 year = {1995},
}

@proceedings{sosp97,
 booktitle = {SOSP-16},
 year = {1997},
}

@proceedings{sosp99,
 booktitle = {SOSP-17},
 year = {1999},
}

@proceedings{spaa00,
 booktitle = {SPAA},
 year = {2000},
}

@proceedings{spaa01,
 booktitle = {SPAA},
 year = {2001},
}

@proceedings{spaa02,
 booktitle = {SPAA},
 year = {2002},
}

@proceedings{spaa03,
 booktitle = {SPAA},
 year = {2003},
}

@proceedings{spaa04,
 booktitle = {SPAA},
 year = {2004},
}

@proceedings{spaa05,
 booktitle = {SPAA},
 year = {2005},
}

@proceedings{spaa06,
 booktitle = {SPAA},
 year = {2006},
}

@proceedings{spaa07,
 booktitle = {SPAA},
 year = {2007},
}

@proceedings{spaa08,
 booktitle = {SPAA},
 year = {2008},
}

@proceedings{spaa09,
 booktitle = {SPAA},
 year = {2009},
}

@proceedings{spaa10,
 booktitle = {SPAA},
 year = {2010},
}

@proceedings{spaa11,
 booktitle = {SPAA},
 year = {2011},
}

@proceedings{spaa12,
 booktitle = {SPAA},
 year = {2012},
}

@proceedings{spaa13,
 booktitle = {SPAA},
 year = {2013},
}

@proceedings{spaa14,
 booktitle = {SPAA},
 year = {2014},
}

@proceedings{spaa15,
 booktitle = {SPAA},
 year = {2015},
}

@proceedings{spaa16,
 booktitle = {SPAA},
 year = {2016},
}

@proceedings{spaa17,
 booktitle = {SPAA},
 year = {2017},
}

@proceedings{spaa18,
 booktitle = {SPAA},
 year = {2018},
}

@proceedings{spaa19,
 booktitle = {SPAA},
 year = {2019},
}

@proceedings{spaa20,
 booktitle = {SPAA},
 year = {2020},
}

@proceedings{spaa21,
 booktitle = {SPAA},
 year = {2021},
}

@proceedings{spaa22,
 booktitle = {SPAA},
 year = {2022},
}

@proceedings{spaa89,
 booktitle = {SPAA},
 year = {1989},
}

@proceedings{spaa90,
 booktitle = {SPAA},
 year = {1990},
}

@proceedings{spaa91,
 booktitle = {SPAA},
 year = {1991},
}

@proceedings{spaa92,
 booktitle = {SPAA},
 year = {1992},
}

@proceedings{spaa93,
 booktitle = {SPAA},
 year = {1993},
}

@proceedings{spaa94,
 booktitle = {SPAA},
 year = {1994},
}

@proceedings{spaa95,
 booktitle = {SPAA},
 year = {1995},
}

@proceedings{spaa96,
 booktitle = {SPAA},
 year = {1996},
}

@proceedings{spaa97,
 booktitle = {SPAA},
 year = {1997},
}

@proceedings{spaa98,
 booktitle = {SPAA},
 year = {1998},
}

@proceedings{spaa99,
 booktitle = {SPAA},
 year = {1999},
}

@proceedings{usenix00,
 booktitle = {USENIX ATC},
 year = {2000},
}

@proceedings{usenix01,
 booktitle = {USENIX ATC},
 year = {2001},
}

@proceedings{usenix02,
 booktitle = {USENIX ATC},
 year = {2002},
}

@proceedings{usenix03,
 booktitle = {USENIX ATC},
 year = {2003},
}

@proceedings{usenix04,
 booktitle = {USENIX ATC},
 year = {2004},
}

@proceedings{usenix05,
 booktitle = {USENIX ATC},
 year = {2005},
}

@proceedings{usenix06,
 booktitle = {USENIX ATC},
 year = {2006},
}

@proceedings{usenix07,
 booktitle = {USENIX ATC},
 year = {2007},
}

@proceedings{usenix08,
 booktitle = {USENIX ATC},
 year = {2008},
}

@proceedings{usenix09,
 booktitle = {USENIX ATC},
 year = {2009},
}

@proceedings{usenix10,
 booktitle = {USENIX ATC},
 year = {2010},
}

@proceedings{usenix11,
 booktitle = {USENIX ATC},
 year = {2011},
}

@proceedings{usenix12,
 booktitle = {USENIX ATC},
 year = {2012},
}

@proceedings{usenix13,
 booktitle = {USENIX ATC},
 year = {2013},
}

@proceedings{usenix14,
 booktitle = {USENIX ATC},
 year = {2014},
}

@proceedings{usenix15,
 booktitle = {USENIX ATC},
 year = {2015},
}

@proceedings{usenix16,
 booktitle = {USENIX ATC},
 year = {2016},
}

@proceedings{usenix17,
 booktitle = {USENIX ATC},
 year = {2017},
}

@proceedings{usenix18,
 booktitle = {USENIX ATC},
 year = {2018},
}

@proceedings{usenix19,
 booktitle = {USENIX ATC},
 year = {2019},
}

@proceedings{usenix20,
 booktitle = {USENIX ATC},
 year = {2020},
}

@proceedings{usenix21,
 booktitle = {USENIX ATC},
 year = {2021},
}

@proceedings{usenix22,
 booktitle = {USENIX ATC},
 year = {2022},
}

@proceedings{usenix94,
 booktitle = {USENIX ATC},
 year = {1994},
}

@proceedings{usenix95,
 booktitle = {USENIX ATC},
 year = {1995},
}

@proceedings{usenix96,
 booktitle = {USENIX ATC},
 year = {1996},
}

@proceedings{usenix97,
 booktitle = {USENIX ATC},
 year = {1997},
}

@proceedings{usenix98,
 booktitle = {USENIX ATC},
 year = {1998},
}

@proceedings{usenix99,
 booktitle = {USENIX ATC},
 year = {1999},
}

@proceedings{vldb08,
 booktitle = {VLDB},
 year = {2008},
}

@proceedings{vldb09,
 booktitle = {VLDB},
 year = {2009},
}

@proceedings{vldb10,
 booktitle = {VLDB},
 year = {2010},
}

@proceedings{vldb11,
 booktitle = {VLDB},
 year = {2011},
}

@proceedings{vldb12,
 booktitle = {VLDB},
 year = {2012},
}

@proceedings{vldb13,
 booktitle = {VLDB},
 year = {2013},
}

@proceedings{vldb14,
 booktitle = {VLDB},
 year = {2014},
}

@proceedings{vldb15,
 booktitle = {VLDB},
 year = {2015},
}

@proceedings{vldb16,
 booktitle = {VLDB},
 year = {2016},
}

@proceedings{vldb17,
 booktitle = {VLDB},
 year = {2017},
}

@proceedings{vldb18,
 booktitle = {VLDB},
 year = {2018},
}

@proceedings{vldb19,
 booktitle = {VLDB},
 year = {2019},
}

@proceedings{vldb20,
 booktitle = {VLDB},
 year = {2020},
}

@proceedings{vldb21,
 booktitle = {VLDB},
 year = {2021},
}

@proceedings{vldb22,
 booktitle = {VLDB},
 year = {2022},
}

@proceedings{www00,
 booktitle = {WWW-9},
 year = {2000},
}

@proceedings{www01,
 booktitle = {WWW-10},
 year = {2001},
}

@proceedings{www02,
 booktitle = {WWW-11},
 year = {2002},
}

@proceedings{www03,
 booktitle = {WWW-12},
 year = {2003},
}

@proceedings{www04,
 booktitle = {WWW-13},
 year = {2004},
}

@proceedings{www05,
 booktitle = {WWW-14},
 year = {2005},
}

@proceedings{www06,
 booktitle = {WWW-15},
 year = {2006},
}

@proceedings{www07,
 booktitle = {WWW-16},
 year = {2007},
}

@proceedings{www08,
 booktitle = {WWW-17},
 year = {2008},
}

@proceedings{www09,
 booktitle = {WWW-18},
 year = {2009},
}

@proceedings{www10,
 booktitle = {WWW-19},
 year = {2010},
}

@proceedings{www11,
 booktitle = {WWW-20},
 year = {2011},
}

@proceedings{www12,
 booktitle = {WWW-21},
 year = {2012},
}

@proceedings{www13,
 booktitle = {WWW-22},
 year = {2013},
}

@proceedings{www14,
 booktitle = {WWW-23},
 year = {2014},
}

@proceedings{www15,
 booktitle = {WWW-24},
 year = {2015},
}

@proceedings{www16,
 booktitle = {WWW-25},
 year = {2016},
}

@proceedings{www17,
 booktitle = {WWW-26},
 year = {2017},
}

@proceedings{www18,
 booktitle = {WWW},
 year = {2018},
}

@proceedings{www19,
 booktitle = {WWW},
 year = {2019},
}

@proceedings{www20,
 booktitle = {WWW},
 year = {2020},
}

@proceedings{www21,
 booktitle = {WWW},
 year = {2021},
}

@proceedings{www22,
 booktitle = {WWW},
 year = {2022},
}

@proceedings{www96,
 booktitle = {WWW-5},
 year = {1996},
}

@proceedings{www97,
 booktitle = {WWW-6},
 year = {1997},
}

@proceedings{www98,
 booktitle = {WWW-7},
 year = {1998},
}

@proceedings{www99,
 booktitle = {WWW-8},
 year = {1999},
}

