@techreport{halevi2020helib,
 author = {Halevi, Shai and Shoup, Victor},
 title = {{HElib} design principles},
 year = {2020},
}

@inproceedings{gentry:crypto2012:homomorphic,
 author = {Gentry, Craig and Halevi, Shai and Smart, Nigel P},
 booktitle = {Proceedings of the 32nd Annual Cryptology Conference (CRYPTO)},
 title = {Homomorphic evaluation of the {AES} circuit},
 year = {2012},
}


@misc{alamati:iacr22:laconic-psi,
 author = {Navid Alamati and Pedro Branco and Nico Döttling and Sanjam Garg and Mohammad Hajiabadi and Sihang Pu},
 howpublished = {Crypt. ePrint 2021/728},
 title = {Laconic Private Set Intersection and Applications},
 year = {2021},
}

@inproceedings{gentry2013homomorphic,
  title={Homomorphic encryption from learning with errors: Conceptually-simpler, asymptotically-faster, attribute-based},
  author={Gentry, Craig and Sahai, Amit and Waters, Brent},
  booktitle={Advances in Cryptology--CRYPTO 2013: 33rd Annual Cryptology Conference, Santa Barbara, CA, USA, August 18-22, 2013. Proceedings, Part I},
  pages={75--92},
  year={2013},
  organization={Springer}
}

@article{hanley1983if,
  title={If nothing goes wrong, is everything all right?: interpreting zero numerators},
  author={Hanley, James A and Lippman-Hand, Abby},
  journal={Jama},
  volume={249},
  number={13},
  pages={1743--1745},
  year={1983},
  publisher={American Medical Association}
}

@inproceedings{hayashi2018shared,
  title={Shared-memory parallelization of MTTKRP for dense tensors},
  author={Hayashi, Koby and Ballard, Grey and Jiang, Yujie and Tobia, Michael J},
  booktitle={Proceedings of the 23rd ACM SIGPLAN Symposium on Principles and Practice of Parallel Programming},
  year={2018}
}

@article{lee2022privacy,
  title={Privacy-preserving machine learning with fully homomorphic encryption for deep neural network},
  author={Lee, Joon-Woo and Kang, HyungChul and Lee, Yongwoo and Choi, Woosuk and Eom, Jieun and Deryabin, Maxim and Lee, Eunsang and Lee, Junghyun and Yoo, Donghoon and Kim, Young-Sik and No, Jong-Seon},
  journal={IEEE Access},
  volume={10},
  year={2022},
}

@inproceedings{srivastava2019t2s,
  title={{T2S-Tensor}: Productively generating high-performance spatial hardware for dense tensor computations},
  author={Srivastava, Nitish and Rong, Hongbo and Barua, Prithayan and Feng, Guanyu and Cao, Huanqi and Zhang, Zhiru and Albonesi, David and Sarkar, Vivek and Chen, Wenguang and Petersen, Paul and Lowney, Geoff and Herr, Adam and Hughes, Christopher and Mattson, Timothy and Dubey, Pradeep},
  booktitle={Proceedings of the 2019 IEEE 27th Annual International Symposium on Field-Programmable Custom Computing Machines (FCCM)},
  year={2019},
}

@article{albrecht2015concrete,
  title={On the concrete hardness of learning with errors},
  author={Albrecht, Martin R and Player, Rachel and Scott, Sam},
  journal={Journal of Mathematical Cryptology},
  volume={9},
  number={3},
  year={2015},
}

@article{ruder2016overview,
  title={An overview of gradient descent optimization algorithms},
  author={Ruder, Sebastian},
  journal={arXiv preprint arXiv:1609.04747},
  year={2016}
}

@inproceedings{boemer2019ngraph,
  title={nGraph-HE2: A high-throughput framework for neural network inference on encrypted data},
  author={Boemer, Fabian and Costache, Anamaria and Cammarota, Rosario and Wierzynski, Casimir},
  booktitle={Proceedings of the 7th ACM Workshop on Encrypted Computing \& Applied Homomorphic Cryptography},
  year={2019}
}

@misc{albadawi:arxiv22:openfhe,
 author = {Ahmad Al Badawi and Jack Bates and Flavio Bergamaschi and David Bruce Cousins and Saroja Erabelli and Nicholas Genise and Shai Halevi and Hamish Hunt and Andrey Kim and Yongwoo Lee and Zeyu Liu and Daniele Micciancio and Ian Quah and Yuriy Polyakov and Saraswathy R.V. and Kurt Rohloff and Jonathan Saylor and Dmitriy Suponitsky and Matthew Triplett and Vinod Vaikuntanathan and Vincent Zucca},
 howpublished = {Crypt. ePrint 2022/915},
 title = {{OpenFHE}},
 year = {2022},
}

@article{brakerski:toct14:bgv,
 author = {Brakerski, Zvika and Gentry, Craig and Vaikuntanathan, Vinod},
 journal = {ACM Transactions on Computation Theory (TOCT)},
 number = {3},
 title = {(Leveled) fully homomorphic encryption without bootstrapping},
 volume = {6},
 year = {2014},
}

@inproceedings{jha2021deepreduce,
  title={DeepReDuce: Relu reduction for fast private inference},
  author={Jha, Nandan Kumar and Ghodsi, Zahra and Garg, Siddharth and Reagen, Brandon},
  booktitle={International Conference on Machine Learning},
  year={2021},
}

@techreport{krizhevsky2009learning,
  title={Learning multiple layers of features from tiny images},
  author={Krizhevsky, Alex},
  year={2009},
  institution={University of Toronto}
}

@inproceedings{brutzkus:icml19:lola,
 author = {Brutzkus, Alon and Gilad-Bachrach, Ran and Elisha, Oren},
 booktitle = {ICML},
 title = {Low latency privacy preserving inference},
 year = {2019},
}

@inproceedings{carpov:wscc15:armadillo,
 author = {Carpov, Sergiu and Dubrulle, Paul and Sirdey, Renaud},
 booktitle = {3rd International Workshop on Security in Cloud Computing},
 title = {Armadillo: a compilation chain for privacy preserving applications},
 year = {2015},
}

@inproceedings{lin2022inspire,
  title={INSPIRE: in-storage private information retrieval via protocol and architecture co-design},
  author={Lin, Jilan and Liang, Ling and Qu, Zheng and Ahmad, Ishtiyaque and Liu, Liu and Tu, Fengbin and Gupta, Trinabh and Ding, Yufei and Xie, Yuan},
  crossref={isca22}
}

@inproceedings{nphard-boot-paper,
  title={Optimization of bootstrapping in circuits},
  author={Benhamouda, Fabrice and Lepoint, Tancr{\`e}de and Mathieu, Claire and Zhou, Hang},
  booktitle={Proceedings of the Twenty-Eighth Annual ACM-SIAM Symposium on Discrete Algorithms},
  year={2017},
}

@inproceedings{chen:ccs17:privset-fhe,
 author = {Hao Chen and Kim Laine and Peter Rindal},
 booktitle = {Proceedings of the ACM SIGSAC Conference on Computer and Communications Security (CCS)},
 title = {Fast Private Set Intersection from Homomorphic Encryption},
 year = {2017},
}

@inproceedings{chen:eurocrypt19:improved-bootstrapping,
 author = {Chen, Hao and Chillotti, Ilaria and Song, Yongsoo},
 booktitle = {Proceedings of the Annual International Conference on the Theory and Applications of Cryptographic Techniques (EUROCRYPT)},
 title = {Improved bootstrapping for approximate homomorphic encryption},
 year = {2019},
}

@inproceedings{gentry:crypto13:gsw,
  title={Homomorphic encryption from learning with errors: Conceptually-simpler, asymptotically-faster, attribute-based},
  author={Gentry, Craig and Sahai, Amit and Waters, Brent},
  booktitle={Advances in Cryptology--CRYPTO 2013: 33rd Annual Cryptology Conference, Santa Barbara, CA, USA, August 18-22, 2013. Proceedings, Part I},
  pages={75--92},
  year={2013},
  organization={Springer}
}

@inproceedings{cheon:asiacrypt17:ckks,
 author = {Cheon, Jung Hee and Kim, Andrey and Kim, Miran and Song, Yongsoo},
 booktitle = {Proceedings of the International Conference on the Theory and Application of Cryptology and Information Security (ASIACRYPT)},
 title = {Homomorphic encryption for arithmetic of approximate numbers},
 year = {2017},
}

@article{kim2020semi,
 author = {Kim, Miran and Song, Yongsoo and Li, Baiyu and Micciancio, Daniele},
 journal = {BMC Medical Genomics},
 number = {7},
 title = {Semi-parallel logistic regression for GWAS on encrypted data},
 volume = {13},
 year = {2020},
}

@inproceedings{chillotti:asiacrypt16:tfhe,
 author = {Ilaria Chillotti and Nicolas Gama and Mariya Georgieva and Malika Izabach{\`{e}}ne},
 booktitle = {ASIACRYPT},
 title = {Faster Fully Homomorphic Encryption: Bootstrapping in less than 0.1 Seconds},
 year = {2016},
}

@inproceedings{cowan:pldi21:porcupine,
 author = {Cowan, Meghan and Dangwal, Deeksha and Alaghi, Armin and Trippel, Caroline and Lee, Vincent T. and Reagen, Brandon},
 crossref = {pldi21},
 title = {Porcupine: A Synthesizing Compiler for Vectorized Homomorphic Encryption},
}

@inproceedings{dathathri:pldi19:chet,
 author = {Dathathri, Roshan and Saarikivi, Olli and Chen, Hao and Laine, Kim and Lauter, Kristin and Maleki, Saeed and Musuvathi, Madanlal and Mytkowicz, Todd},
 crossref = {pldi19},
 title = {{CHET}: An optimizing compiler for fully-homomorphic neural-network inferencing},
}

@inproceedings{dathathri:pldi20:eva,
 author = {Dathathri, Roshan and Kostova, Blagovesta and Saarikivi, Olli and Dai, Wei and Laine, Kim and Musuvathi, Madan},
 crossref = {pldi20},
 title = {{EVA}: An encrypted vector arithmetic language and compiler for efficient homomorphic computation},
}

@inproceedings{ducas:eurocrypt15:fhew,
 author = {Léo Ducas and Daniele Micciancio},
 booktitle = {EUROCRYPT},
 title = {{FHEW}: Bootstrapping Homomorphic Encryption in Less Than a Second},
 year = {2015},
}

@inproceedings{feldmann:micro21:f1,
 author = {Samardzic, Nikola and Feldmann, Axel and Krastev, Aleksandar and Devadas, Srinivas and Dreslinski, Ronald and Peikert, Christopher and Sanchez, Daniel},
 crossref = {micro21},
 title = {{F1: A fast and programmable accelerator for fully homomorphic encryption}},
}

@book{gentry:stanford09:fhe,
 author = {Gentry, Craig},
 publisher = {Stanford},
 title = {A fully homomorphic encryption scheme},
 year = {2009},
}

@inproceedings{gilad:icml16:cryptonets,
 author = {Gilad-Bachrach, Ran and Dowlin, Nathan and Laine, Kim and Lauter, Kristin and Naehrig, Michael and Wernsing, John},
 booktitle = {International conference on machine learning},
 title = {{Cryptonets: Applying neural networks to encrypted data with high throughput and accuracy}},
 year = {2016},
}

% ckks-rns
% rns-ckks
@inproceedings{cheon2019full,
  title={A full RNS variant of approximate homomorphic encryption},
  author={Cheon, Jung Hee and Han, Kyoohyung and Kim, Andrey and Kim, Miran and Song, Yongsoo},
  booktitle={Selected Areas in Cryptography--SAC 2018: 25th International Conference, Calgary, AB, Canada, August 15--17, 2018, Revised Selected Papers 25},
  pages={347--368},
  year={2019},
  organization={Springer}
}

@article{gorantala:arxiv21:tfhe-transpiler,
  author    = {Shruthi Gorantala and
               Rob Springer and
               Sean Purser{-}Haskell and
               William Lam and
               Royce J. Wilson and
               Asra Ali and
               Eric P. Astor and
               Itai Zukerman and
               Sam Ruth and
               Christoph Dibak and
               Phillipp Schoppmann and
               Sasha Kulankhina and
               Alain Forget and
               David Marn and
               Cameron Tew and
               Rafael Misoczki and
               Bernat Guillen and
               Xinyu Ye and
               Dennis Kraft and
               Damien Desfontaines and
               Aishe Krishnamurthy and
               Miguel Guevara and
               Irippuge Milinda Perera and
               Yurii Sushko and
               Bryant Gipson},
 journal = {arXiv preprint arXiv:2106.07893},
 title = {{A general purpose transpiler for fully homomorphic encryption}},
 year = {2021},
}

@inproceedings{DBLP:conf/tcc/GentryH19,
 author = {Craig Gentry and Shai Halevi},
 booktitle={Proceedings of the Theory of Cryptography Conference (TCC)},
 title = {Compressible {FHE} with Applications to {PIR}},
 year = {2019},
}

@inproceedings{DBLP:conf/ccs/ChenLR17,
 author = {Hao Chen and Kim Laine and Peter Rindal},
 booktitle = {Proceedings of the ACM SIGSAC Conference on Computer and Communications Security (CCS)},
 title = {Fast Private Set Intersection from Homomorphic Encryption},
 year = {2017},
}


@inproceedings{halevi:crypto14:algorithms-helib,
 author = {Halevi, Shai and Shoup, Victor},
 booktitle = {Annual Cryptology Conference},
 title = {{Algorithms in helib}},
 year = {2014},
}

@misc{cryptoeprint:2020/1481,
      author = {Shai Halevi and Victor Shoup},
      title = {Design and implementation of HElib: a homomorphic encryption library},
      howpublished = {Cryptology ePrint Archive, Paper 2020/1481},
      year = {2020},
      note = {\url{https://eprint.iacr.org/2020/1481}},
      url = {https://eprint.iacr.org/2020/1481}
}

@inproceedings{al2022openfhe,
  title={OpenFHE: Open-source fully homomorphic encryption library},
  author={Al Badawi, Ahmad and Bates, Jack and Bergamaschi, Flavio and Cousins, David Bruce and Erabelli, Saroja and Genise, Nicholas and Halevi, Shai and Hunt, Hamish and Kim, Andrey and Lee, Yongwoo and others},
  booktitle={Proceedings of the 10th Workshop on Encrypted Computing \& Applied Homomorphic Cryptography},
  pages={53--63},
  year={2022}
}

@inproceedings{juvekar2018gazelle,
 author = {Juvekar, Chiraag and Vaikuntanathan, Vinod and Chandrakasan, Anantha},
 booktitle = {Proceedings of the 27th {USENIX} Security Symposium ({USENIX} Security 18)},
 title = {{GAZELLE}: A low latency framework for secure neural network inference},
 year = {2018},
}

@inproceedings{han:aaai19:logistic,
 author = {Han, Kyoohyung and Hong, Seungwan and Cheon, Jung Hee and Park, Daejun},
 booktitle = {Proceedings of the AAAI Conference on Artificial Intelligence},
 number = {01},
 title = {Logistic regression on homomorphic encrypted data at scale},
 volume = {33},
 year = {2019},
}

% HELR
@misc{han:iacr18:efficient-logreg,
 author = {Han, Kyoohyung and Hong, Seungwan and Cheon, Jung Hee and Park, Daejun},
 howpublished = {Cryptology ePrint Archive, Report 2018/662},
 title = {Efficient Logistic Regression on Large Encrypted Data},
 year = {2018},
}

@inproceedings{podschwadt2020classification,
  title={Classification of Encrypted Word Embeddings using Recurrent Neural Networks},
  author={Podschwadt, Robert and Takabi, Daniel},
  booktitle={PrivateNLP@ WSDM},
  year={2020}
}

@InProceedings{maas-EtAl:2011:ACL-HLT2011,
  author    = {Maas, Andrew L.  and  Daly, Raymond E.  and  Pham, Peter T.  and  Huang, Dan  and  Ng, Andrew Y.  and  Potts, Christopher},
  title     = {Learning Word Vectors for Sentiment Analysis},
  booktitle = {Proceedings of the 49th Annual Meeting of the Association for Computational Linguistics: Human Language Technologies},
  year      = {2011},
}

@inproceedings{brakerski2011fully,
  title={Fully homomorphic encryption from ring-LWE and security for key dependent messages},
  author={Brakerski, Zvika and Vaikuntanathan, Vinod},
  booktitle={Advances in Cryptology--CRYPTO 2011: 31st Annual Cryptology Conference, Santa Barbara, CA, USA, August 14-18, 2011. Proceedings 31},
  pages={505--524},
  year={2011},
  organization={Springer}
}

@inproceedings{albrecht2018estimate,
  title={Estimate all the $\{$LWE, NTRU$\}$ schemes!},
  author={Albrecht, Martin R and Curtis, Benjamin R and Deo, Amit and Davidson, Alex and Player, Rachel and Postlethwaite, Eamonn W and Virdia, Fernando and Wunderer, Thomas},
  booktitle={Security and Cryptography for Networks: 11th International Conference, SCN 2018, Amalfi, Italy, September 5--7, 2018, Proceedings 11},
  pages={351--367},
  year={2018},
  organization={Springer}
}

@article{lecun1998gradient,
  title={Gradient-based learning applied to document recognition},
  author={LeCun, Yann and Bottou, L{\'e}on and Bengio, Yoshua and Haffner, Patrick},
  journal={Proceedings of the IEEE},
  volume={86},
  number={11},
  year={1998},
}

@article{harris:nature20:numpy,
   author    = {Charles R. Harris and
               K. Jarrod Millman and
               St{\'{e}}fan van der Walt and
               Ralf Gommers and
               Pauli Virtanen and
               David Cournapeau and
               Eric Wieser and
               Julian Taylor and
               Sebastian Berg and
               Nathaniel J. Smith and
               Robert Kern and
               Matti Picus and
               Stephan Hoyer and
               Marten H. van Kerkwijk and
               Matthew Brett and
               Allan Haldane and
               Jaime Fern{\'{a}}ndez del R{\'{\i}}o and
               Mark Wiebe and
               Pearu Peterson and
               Pierre G{\'{e}}rard{-}Marchant and
               Kevin Sheppard and
               Tyler Reddy and
               Warren Weckesser and
               Hameer Abbasi and
               Christoph Gohlke and
               Travis E. Oliphant},
 journal = {Nature},
 number = {7825},
 title = {{Array programming with NumPy}},
 volume = {585},
 year = {2020},
}

@misc{heaan-github,
 howpublished = {\url{https://github.com/snucrypto/HEAAN}},
 title = {{HEAAN} software library},
 year = {2020},
}

@article{gauss1966english,
  title={English translation by Arthur A. Clarke},
  author={Gauss, Carl Friedrich and Arithmeticae, Disquisitiones},
  journal={Yale University Press},
  volume={1},
  number={966},
  pages={1},
  year={1966}
}

@misc{henzinger:iacr22:new-pir,
 author = {Alexandra Henzinger and Matthew M. Hong and Henry Corrigan-Gibbs and Sarah Meiklejohn and Vinod Vaikuntanathan},
 howpublished = {Crypt. ePrint 2022/949},
 title = {One Server for the Price of Two},
 year = {2022},
}

@article{jung:ches21:gpu-fhe,
 author = {Jung, Wonkyung and Kim, Sangpyo and Ahn, Jung Ho and Cheon, Jung Hee and Lee, Younho},
 journal = {IACR Transactions on Cryptographic Hardware and Embedded Systems (CHES)},
 title = {Over 100x faster bootstrapping in fully homomorphic encryption through memory-centric optimization with {GPUs}},
 year = {2021},
}

@inproceedings{garner:1959:residue,
 author = {Garner, Harvey L},
 booktitle = {Papers presented at the the March 3-5, 1959, Western Joint Computer Conference},
 title = {The residue number system},
 year = {1959},
}

@inproceedings{kim:isca22:bts,
 author = {Kim, Sangpyo and Kim, Jongmin and Kim, Michael Jaemin and Jung, Wonkyung and Kim, John and Rhu, Minsoo and Ahn, Jung Ho},
 crossref = {isca22},
 title = {{BTS: An accelerator for bootstrappable fully homomorphic encryption}},
}

@techreport{krizhevsky:uoft09:cifar10,
 author = {Krizhevsky, Alex},
 institution = {University of Toronto},
 title = {Learning multiple layers of features from tiny images},
 year = {2009},
}

@misc{lattigo-github,
 howpublished = {\url{https://github.com/ldsec/lattigo}},
 title = {{L}attigo},
 year = {2020},
}

@misc{seal-github,
 howpublished = {\url{https://github.com/microsoft/SEAL}},
 title = {Microsoft {SEAL} {HE} library},
 year = {2020},
}

@article{lee:arxiv21:resnet-fhe,
 author = {Lee, Joon-Woo and Kang, HyungChul and Lee, Yongwoo and Choi, Woosuk and Eom, Jieun and Deryabin, Maxim and Lee, Eunsang and Lee, Junghyun and Yoo, Donghoon and Kim, Young-Sik and No, Jong-Seon},
 journal = {arXiv preprint arXiv:2106.07229},
 title = {Privacy-preserving machine learning with fully homomorphic encryption for deep neural network},
 year = {2021},
}

@inproceedings{lee:icml22:packed-resnet-fhe,
 author = {Lee, Eunsang and Lee, Joon-Woo and Lee, Junghyun and Kim, Young-Sik and Kim, Yongjune and No, Jong-Seon and Choi, Woosuk},
 booktitle = {International Conference on Machine Learning (ICML)},
 title = {Low-Complexity Deep Convolutional Neural Networks on Fully Homomorphic Encryption Using Multiplexed Parallel Convolutions},
 year = {2022},
}

@inproceedings{lee:pldi20:lobster,
 author = {Lee, DongKwon and Lee, Woosuk and Oh, Hakjoo and Yi, Kwangkeun},
 crossref = {pldi20},
 title = {{Optimizing homomorphic evaluation circuits by program synthesis and term rewriting}},
}

@inproceedings{mouchet:wahc20:lattigo,
 author = {Mouchet, Christian and Bossuat, Jean-Philippe and Troncoso-Pastoriza, Juan and Hubaux, J},
 booktitle = {8th Workshop on Encrypted Computing \& Applied Homomorphic Cryptography (WAHC)},
 title = {Lattigo: A multiparty homomorphic encryption library in Go},
 year = {2020},
}

@article{peikert:book16:decade-lattice,
 author = {Peikert, Chris},
 journal = {Foundations and Trends in Theoretical Computer Science},
 number = {4},
 title = {A decade of lattice cryptography},
 volume = {10},
 year = {2016},
}

@inproceedings{samardzic:isca22:craterlake,
 author = {Samardzic, Nikola and Feldmann, Axel and Krastev, Aleksandar and Manohar, Nathan and Genise, Nicholas and Devadas, Srinivas and Eldefrawy, Karim and Peikert, Chris and Sanchez, Daniel},
 crossref = {isca22},
 title = {{CraterLake: a hardware accelerator for efficient unbounded computation on encrypted data.}},
}

@inproceedings{abadi:osdi16:tensorflow,
  title={{TensorFlow}: a system for Large-Scale machine learning},
 author={Mart{\'{\i}}n Abadi and Ashish Agarwal and Paul Barham and Eugene Brevdo and Zhifeng Chen and Craig Citro and Gregory S. Corrado and Andy Davis and Jeffrey Dean and Matthieu Devin and Sanjay Ghemawat and Ian J. Goodfellow and Andrew Harp and Geoffrey Irving and Michael Isard and Yangqing Jia and Rafal J{\'{o}}zefowicz and Lukasz Kaiser and Manjunath Kudlur and Josh Levenberg and Dan Man{\'{e}} and Rajat Monga and Sherry Moore and Derek Gordon Murray and Chris Olah and Mike Schuster and Jonathon Shlens and Benoit Steiner and Ilya Sutskever and Kunal Talwar and Paul A. Tucker and Vincent Vanhoucke and Vijay Vasudevan and Fernanda B. Vi{\'{e}}gas and Oriol Vinyals and Pete Warden and Martin Wattenberg and Martin Wicke and Yuan Yu and Xiaoqiang Zheng},
 crossref={osdi16}
}

@inproceedings{paszke:neurips19:pytorch,
 author = {Paszke, Adam and Gross, Sam and Massa, Francisco and Lerer, Adam and Bradbury, James and Chanan, Gregory and Killeen, Trevor and Lin, Zeming and Gimelshein, Natalia and Antiga, Luca and Desmaison, Alban and Kopf, Andreas and Yang, Edward and DeVito, Zachary and Raison, Martin and Tejani, Alykhan and Chilamkurthy, Sasank and Steiner, Benoit and Fang, Lu and Bai, Junjie and Chintala, Soumith},
 booktitle = {Advances in Neural Information Processing Systems},
 title = {PyTorch: An Imperative Style, High-Performance Deep Learning Library},
 volume = {32},
 year = {2019}
}

@inproceedings{yang2020interstellar,
  title={Interstellar: Using halide's scheduling language to analyze dnn accelerators},
  author={Yang, Xuan and Gao, Mingyu and Liu, Qiaoyi and Setter, Jeff and Pu, Jing and Nayak, Ankita and Bell, Steven and Cao, Kaidi and Ha, Heonjae and Raina, Priyanka and Kozyrakis, Christos and Horowitz, Mark},
  crossref={asplos20}
}

@inproceedings{bajard2017full,
  title={A full RNS variant of FV like somewhat homomorphic encryption schemes},
  author={Bajard, Jean-Claude and Eynard, Julien and Hasan, M Anwar and Zucca, Vincent},
  booktitle={Selected Areas in Cryptography--SAC 2016: 23rd International Conference, St. John's, NL, Canada, August 10-12, 2016, Revised Selected Papers},
  pages={423--442},
  year={2017},
  organization={Springer}
}

@article{lyubashevsky2013ideal,
  title={On ideal lattices and learning with errors over rings},
  author={Lyubashevsky, Vadim and Peikert, Chris and Regev, Oded},
  journal={Journal of the ACM (JACM)},
  volume={60},
  number={6},
  pages={1--35},
  year={2013},
  publisher={ACM New York, NY, USA}
}

@article{park2022aespa,
  title={AESPA: Accuracy preserving low-degree polynomial activation for fast private inference},
  author={Park, Jaiyoung and Kim, Michael Jaemin and Jung, Wonkyung and Ahn, Jung Ho},
  journal={arXiv preprint arXiv:2201.06699},
  year={2022}
}

@inproceedings{kim2022ark,
  title={Ark: Fully homomorphic encryption accelerator with runtime data generation and inter-operation key reuse},
  author={Kim, Jongmin and Lee, Gwangho and Kim, Sangpyo and Sohn, Gina and Rhu, Minsoo and Kim, John and Ahn, Jung Ho},
  booktitle={2022 55th IEEE/ACM International Symposium on Microarchitecture (MICRO)},
  pages={1237--1254},
  year={2022},
  organization={IEEE}
}

% Divergence
% Foo et al.
@inproceedings{kim2022approximate,
  title={Approximate homomorphic encryption with reduced approximation error},
  author={Kim, Andrey and Papadimitriou, Antonis and Polyakov, Yuriy},
  booktitle={Topics in Cryptology--CT-RSA 2022: Cryptographers’ Track at the RSA Conference 2022, Virtual Event, March 1--2, 2022, Proceedings},
  pages={120--144},
  year={2022},
  organization={Springer}
}

@inproceedings{roesch2018relay,
  title={Relay: A new ir for machine learning frameworks},
  author={Roesch, Jared and Lyubomirsky, Steven and Weber, Logan and Pollock, Josh and Kirisame, Marisa and Chen, Tianqi and Tatlock, Zachary},
  booktitle={Proceedings of the 2nd ACM SIGPLAN international workshop on machine learning and programming languages},
  year={2018}
}

@inproceedings{zheng2022astitch,
  title={{AStitch: Enabling a new multi-dimensional optimization space for memory-intensive ML training and inference on modern SIMT architectures}},
  author={Zheng, Zhen and Yang, Xuanda and Zhao, Pengzhan and Long, Guoping and Zhu, Kai and Zhu, Feiwen and Zhao, Wenyi and Liu, Xiaoyong and Yang, Jun and Zhai, Jidong and Song, Shuaiwen Leon and Lin, Wei},
  crossref={asplos22}
}

@inproceedings{parashar2019timeloop,
  title={Timeloop: A systematic approach to dnn accelerator evaluation},
  author={Parashar, Angshuman and Raina, Priyanka and Shao, Yakun Sophia and Chen, Yu-Hsin and Ying, Victor A and Mukkara, Anurag and Venkatesan, Rangharajan and Khailany, Brucek and Keckler, Stephen W and Emer, Joel},
  booktitle={Proceedings of the 2019 IEEE international symposium on performance analysis of systems and software (ISPASS)},
  year={2019},
}

@inproceedings{brakerski:crypto12:theBinBFV,
 author = {Brakerski, Zvika},
 booktitle = {Annual Cryptology Conference},
 title = {Fully homomorphic encryption without modulus switching from classical {GapSVP}},
 year = {2012},
}

@article{fan:iacr12:theFVinBFV,
 author = {Fan, Junfeng and Vercauteren, Frederik},
 journal = {IACR Cryptol. ePrint Arch.},
 title = {Somewhat practical fully homomorphic encryption},
 year = {2012},
}

@inproceedings{jutla:eurocrypt22:high-precision-bootstrapping,
 author = {Charanjit Singh Jutla and Nathan Manohar},
 title = {Sine Series Approximation of the Mod Function for Bootstrapping of Approximate HE},
 booktitle = {EUROCRYPT},
 year = {2022},
}


@article{blatt:pnas20:gwas-fhe,
 author = {Blatt, Marcelo and Gusev, Alexander and Polyakov, Yuriy and Goldwasser, Shafi},
 journal = {PNAS},
 title = {Secure large-scale genome-wide association studies using homomorphic encryption},
 year = {2020},
}

@article{elman:rnn,
  title={Finding structure in time},
  author={Elman, Jeffrey L},
  journal={Cognitive science},
  volume={14},
  number={2},
  year={1990},
  publisher={Wiley Online Library}
}

@inproceedings{li:sc15:ttm,
  title={An input-adaptive and in-place approach to dense tensor-times-matrix multiply},
  author={Li, Jiajia and Battaglino, Casey and Perros, Ioakeim and Sun, Jimeng and Vuduc, Richard},
  booktitle={Proceedings of the International Conference for High Performance Computing, Networking, Storage and Analysis (SC)},
  year={2015},
}

@inproceedings{gentry:crypto12:homomorphic,
  title={Homomorphic evaluation of the AES circuit},
  author={Gentry, Craig and Halevi, Shai and Smart, Nigel P},
  booktitle={Annual Cryptology Conference},
  pages={850--867},
  year={2012},
  organization={Springer}
}

@inproceedings{okasaki:icfp95:lists,
    title={Purely functional random-access lists},
    author={Okasaki, Chris},
    booktitle={Proceedings of the seventh international conference on Functional
        programming languages and computer architecture},
    pages={86--95},
    year={1995}
}

@inproceedings{riazi2020heax,
  title={HEAX: An architecture for computing on encrypted data},
  author={Riazi, M Sadegh and Laine, Kim and Pelton, Blake and Dai, Wei},
  booktitle={Proceedings of the Twenty-Fifth International Conference on Architectural Support for Programming Languages and Operating Systems},
  pages={1295--1309},
  year={2020}
}

@article{iandola2016squeezenet,
  title={SqueezeNet: AlexNet-level accuracy with 50x fewer parameters and< 0.5 MB model size},
  author={Iandola, Forrest N and Han, Song and Moskewicz, Matthew W and Ashraf, Khalid and Dally, William J and Keutzer, Kurt},
  journal={arXiv preprint arXiv:1602.07360},
  year={2016}
}
